=LDR  01462cam a2200385 a 4500
=001  1014848
=003  NjP
=005  20171027095315.0
=008  951110s1980\\\\ir\\\\\\\b\\\\000\0\ara\d
=024  7\$aprinceton_aco002624$2local
=035  \\$a(OCoLC)ocn176283875
=035  \\$a(OCoLC)32297700
=040  \\$aNjP$cPUL$dPUL
=035  \\$a(OCoLC)176283875
=035  \\$a(CStRLIN)NJPG95-B70677
=035  \\$9CBY7752TS
=035  \\$a(NjP)1014848
=079  \\$aocm32297700
=049  \\$aPULL
=100  1\$6880-01$aAnṣārī Zanjānī, Ibrāhīm.
=245  10$6880-02$aMalāḥim al-Qurʼān /$cIbrāhīm al-Anṣārī al-Zanjānī.
=260  \\$6880-03$a[Qom] :$bI. al-Anṣārī al-Zanjānī,$c1400 [i.e. 1980]
=300  \\$a135 p. ;$c24 cm.
=504  \\$aIncludes bibliographical references (p. 133-134).
=630  00$aQurʼan$xCriticism, interpretation, etc.$0http://id.loc.gov/authorities/subjects/sh85072959
=880  1\$6100-01/r$aانصاري زنجاني، ابراهيم.
=880  10$6245-02/r$aملاحم القرآن /$cابراهيم الانصاري الزنجاني.
=880  \\$6260-03/r$a[قم] :$bا. الانصاري الزنجاني،$c1400 [i.e 1980]
=998  \\$a11/10/95$s9114$nNjP$d11/10/95$cKC$bKC$i951110$lNJPG
=911  \\$a19951116
=912  \\$a19951110000000.0
=994  \\$aC0$bPUL
=999  \\$a1014848
=852  00$01171318$brcppa$t1$hBP130.4$i.A573 1980$xtr fr arab
=959  \\$a2000-06-13 00:00:00 -0500

