=LDR  01823cam a2200409 a 4500
=001  1015349
=003  NjP
=005  20171027095340.0
=008  951110s1978\\\\ir\\\\\\\b\\\\000\0\ara\d
=024  7\$aprinceton_aco003154$2local
=035  \\$a(OCoLC)33806647
=035  \\$a(OCoLC)ocn176285350
=035  \\$a(OCoLC)176285350
=035  \\$a(CStRLIN)NJPG95-B70926
=035  \\$9CBY8283TS
=035  \\$a(NjP)1015349
=040  \\$aPUL$cPUL$dPUL
=049  \\$aPULL
=079  \\$aocm33806647
=100  1\$6880-01$aIbn Ṭawūs, ʻAli ibn Mūsá,$d1193-1266.
=245  13$6880-02$aal-Malāḥim wa-al-fitan fi ẓuhūr al-ghāʼib al-muntaẓar /$ctaʼlīf Raḍī al-Dīn Abī al-Qāsim ʻAlī ibn Mūsá ibn Jaʻfar ibn Muḥammad ibn Ṭāwūs al-Ḥasanī al-Ḥusaynī.
=250  \\$6880-03$aal-Ṭabʻah 5.
=260  \\$6880-04$aQum :$bManshūrāt al-Riḍá,$c1978.
=300  \\$a224 p. ;$c21 cm.
=600  10$6880-05$aMahdī, Muḥammad ibn al-Ḥasan,$db. 869.$0http://id.loc.gov/authorities/names/n84077035
=880  1\$6100-01/r$aابن طاووس، علي بن موسى،$d1193-1266.
=880  12$6245-02/r$aالملاحم والفتن ف ظهور الغائب المنتظر /$cتأليف رضي الدين ابي القاسم علي بن موسى بن جعفر بن محمد بن طاووس الحسني الحسيني.
=880  \\$6250-03/r$aالطبعة 5.
=880  \\$6260-04/r$aقم :$bمنشورات الرضى،$c1978.
=880  10$6600-05/r$aمهدي، محمد بن الحسن،$db. 869.
=998  \\$a11/16/95$s9118$nNjP$wNJPG95B70926$d11/10/95$cAND$bAND$i951116$lNJPG
=911  \\$a19951123
=912  \\$a19951116000000.0
=994  \\$aC0$bPUL
=999  \\$a1015349
=852  00$01171873$brcppa$t1$hBP193.22$i.M332 1978$xtr fr nec
=959  \\$a2000-06-13 00:00:00 -0400

