=LDR  01329cam a2200337 a 4500
=001  1025681
=003  NjP
=005  20171027095937.0
=008  951220s1988\\\\ir\a\\\\\b\\\\00010\ara\d
=024  7\$aprinceton_aco003539$2local
=035  \\$a(OCoLC)34031432
=035  \\$a(CStRLIN)NJPG95-B79653
=035  \\$9CCA0000TS
=040  \\$aNjP$cNjP
=041  0\$aaraper
=100  1\$aKhomeini, Ruhollah.
=245  10$aRisālah fī taʻyīn al-fajr fī al-layālī al-muqmirah /$cmin taṣnīfāt al-Imām al-Khumaynī ; maʻa taʻlīqāt muntakhabah min taqrīrāt durūs Aḥmadī Faqīh Yazdī.
=250  \\$aChāp-i 1.
=260  \\$aTihrān :$bMarkaz-i Nashr-i Mudarris,$c[13]67 [1988]
=300  \\$a32 p. :$bill. ;$c22 cm.
=504  \\$aIncludes bibliographical references.
=546  \\$aIn Arabic; introduction and conclusion also in Persian.
=650  \0$aTime (Islamic law)$0http://id.loc.gov/authorities/subjects/sh85135403
=650  \0$aTime$xReligious aspects$xIslam.
=651  \0$aMoon$xReligious aspects$xIslam.
=700  2\$aAḥmadī Faqīh, Muḥammad Ḥasan.
=998  \\$a01/05/96$s9114$nNjP$wNJPG95B79653$d12/20/95$cAAH$bAAH$i960105$lNJPG
=911  \\$a19960111
=912  \\$a19960313050124.0
=852  80$01184403$brcppa$t1$hKBL$i.K465 1988$xtr fr arab
=959  \\$a2000-06-13 00:00:00 -0400

