=LDR  01089cam a2200301 a 4500
=001  1025684
=003  NjP
=005  20171027095937.0
=008  951221s1989\\\\ir\\\\\\\b\\\\000\0\ara\d
=024  7\$aprinceton_aco002925$2local
=035  \\$a(OCoLC)34031447
=035  \\$a(CStRLIN)NJPG95-B79691
=035  \\$9CCA0003TS
=040  \\$aNjP$cNjP
=100  1\$aMudarrisī, Muḥammad Taqī.
=245  13$aal-Taḥaddī al-Islāmī /$cMuḥammad Taqī al-Mudarrisī.
=250  \\$aal-Ṭabʻah 1.
=260  \\$a[Iran] :$bMaktab al-ʻAllāmah al-Mudarrisī,$c1410 [1989]
=300  \\$a315 p. ;$c24 cm.
=500  \\$aCover title.
=504  \\$aIncludes bibliographical references.
=650  \0$aIslam$y20th century.$0http://id.loc.gov/authorities/subjects/sh85068392
=650  \0$aIslam and humanism.$0http://id.loc.gov/authorities/subjects/sh85068414
=998  \\$a01/05/96$s9114$nNjP$wNJPG95B79691$d12/21/95$cAAH$bAAH$i960105$lNJPG
=911  \\$a19960111
=912  \\$a19960105000000.0
=852  00$01184406$brcppa$t1$hBP161.2$i.M823 1989$xtr fr arab
=959  \\$a2000-06-13 00:00:00 -0500

