=LDR  01209cam a2200313 a 4500
=001  1027627
=003  NjP
=005  20171027100046.0
=008  951215s1989\\\\ir\\\\\\\b\\\\000\0\ara\d
=024  7\$aprinceton_aco004692$2local
=035  \\$a(OCoLC)34094838
=035  \\$a(CStRLIN)NJPG95-B79034
=035  \\$9CCA2009TS
=040  \\$aNjP$cNjP
=043  \\$af------$aa------
=245  03$aal-Ṭifl :$bnushūʾuhu wa-tarbiyatuh /$c[al-taʾlīf wa-al-tanẓīm: Qism al-Aṭfāl wa-al-Nāshiʾīn li-Muʾassasat al-Biʻthah]
=250  \\$aal-Ṭabʻah 1.
=260  \\$aṬihrān :$bal-Qism,$c1410 [1989 or 1990]
=300  \\$a390 p. ;$c25 cm.
=504  \\$aIncludes bibliographical references.
=650  \0$aChild development$zIslamic countries.
=650  \0$aChild psychology$zIslamic countries.
=650  \0$aChildren$zIslamic countries.
=710  2\$aBunyād-i Biʻs̲at.$bVāḥid-i Kūdakān va Nawjavānān.$0http://id.loc.gov/authorities/names/nr93048340
=998  \\$a01/16/96$s9114$nNjP$wNJPG95B79034$d12/15/95$cAAH$bJYN$i960116$lNJPG
=911  \\$a19960125
=912  \\$a19970811055501.0
=852  00$01186557$brcppa$t1$hLB1115$i.T545 1989$xtr fr arab
=959  \\$a2000-06-13 00:00:00 -0500

