=LDR  02044cam a2200433 a 4500
=001  1027629
=003  NjP
=005  20171027100046.0
=008  951215s1990\\\\ir\\\\\\\\\\\\000\0bara\d
=024  7\$aprinceton_aco003093$2local
=035  \\$a(OCoLC)ocn176321593
=040  \\$aNjP$cPUL$dPUL
=035  \\$a(OCoLC)176321593
=035  \\$a(CStRLIN)NJPG95-B79051
=035  \\$9CCA2011TS
=035  \\$a(NjP)1027629
=079  \\$aocm34094840
=049  \\$aPULL
=100  1\$6880-01$aKattānī, Sulaymān.
=245  13$6880-02$aal-Imām al-Ḥusayn fī ḥullat al-barfīr :$bdirāsah adabīyah taẓhīrīyah fī sīrat al-Imām al-Ḥusayn /$ctaʼlīf Sulaymān Kattānī.
=250  \\$6880-03$aal-Ṭabʻah 1.
=260  \\$6880-04$aQum, Īrān :$bDār al-Kitāb al-Islāmī,$c1990.
=300  \\$a176 p. ;$c25 cm.
=500  \\$6880-05$a"al-Kitāb alladhī aḥraza al-jāʼizah al-ūlá fī musābaqah lil-taʼlīf ʻan al-Imām al-Ḥusayn, ʻalayhi al-salām."
=600  00$6880-06$aḤusayn ibn ʻAlī,$d-680$0http://id.loc.gov/authorities/names/n79142777
=650  \0$aImāms (Shiites)$xBiography.
=880  1\$6100-01/r$aكتاني، سليمان.
=880  12$6245-02/r$aالامام الحسين في حلة البرفير :$bدراسة ادبية تظهيرية في سيرة الامام الحسين /$cتأليف سليمان كتاني.
=880  \\$6250-03/r$aالطبعة 1.
=880  \\$6260-04/r$aقم، ايران :$bدار الكتاب الاسلامي،$c1990.
=880  \\$6500-05/r$a"الكتاب الذي احرز الجائزة الاولى في مسابقة للتأليف عن الامام الحسين، عليه السلام."
=880  00$6600-06/r$aحسين بن علي،$dd. 680.
=998  \\$a01/16/96$s9114$nNjP$wNJPG95B79051$d12/15/95$cAAH$bAND$i960116$lNJPG
=911  \\$a19960125
=912  \\$a19960116000000.0
=994  \\$aC0$bPUL
=999  \\$a1027629
=852  00$01186559$brcppa$t1$hBP193.13.A3$iK377 1990$xtr fr arab
=959  \\$a2000-06-13 00:00:00 -0500

