=LDR  01942cam a2200445 a 4500
=001  1027658
=003  NjP
=005  20171027100047.0
=008  960109s1989\\\\ir\\\\\\\b\\\\000\0bara\d
=024  7\$aprinceton_aco003037$2local
=035  \\$a(OCoLC)ocn176321674
=040  \\$aNjP$cPUL$dPUL
=035  \\$a(OCoLC)176321674
=035  \\$a(CStRLIN)NJPG96-B1074
=035  \\$9CCA2043TS
=035  \\$a(NjP)1027658
=079  \\$aocm34094858
=049  \\$aPULL
=100  1\$6880-01$aMudarrisī, Muḥammad Taqī.
=245  13$6880-02$aal-Imām al-Bāqir, ʻalayhi al-salām, qudwah wa-uswah /$c[Muḥammad Taqī al-Mudarrisī]
=246  13$6880-03$aImām al-Bāqir (ʻA) qudwah wa-uswah
=250  \\$6880-04$aal-Ṭabʻah 1.
=260  \\$6880-05$a[Iran] :$bMaktab al-al-ʻAllāmah al-Mudarrisī,$c1410 [1989 or 1990]
=300  \\$a72 p. ;$c22 cm.
=504  \\$aIncludes bibliographical references.
=600  00$6880-06$aMuḥammad al-Bāqir ibn ʻAlī Zayn al-ʻĀbidīn,$d-731 or 732.$0http://id.loc.gov/authorities/names/n88287630
=650  \0$aImams (Shiites)$xBiography.$0http://id.loc.gov/authorities/subjects/sh2008104277
=880  1\$6100-01/r$aمدرسي، محمد تقي.
=880  12$6245-02/r$aالامام الباقر، عليه السلام، قدوة واسوة /$c[محمد تقي المدرسي]
=880  13$6246-03/r$aامام الباقر (ع) قدوة واسوة
=880  \\$6250-04/r$aالطبعة 1.
=880  \\$6260-05/r$a[ايران] :$bمكتب الالعلامة المدرسي،$c1410 [1989 or 1990]
=880  04$6600-06/r$aمحمد الباقر بن علي زين العابدين،$d-731 or 732.
=998  \\$a01/16/96$s9114$nNjP$wNJPG96B1074$d01/09/96$cAAH$bAND$i960116$lNJPG
=911  \\$a19960125
=912  \\$a19960116000000.0
=994  \\$aC0$bPUL
=999  \\$a1027658
=852  00$01186588$brcppa$t1$hBP193.15.A3$iM823 1989$xtr fr arab
=959  \\$a2000-06-13 00:00:00 -0500

