=LDR  01519cam a2200385 a 4500
=001  1035667
=003  NjP
=005  20190705143100.0
=008  951221q19701979ir\\\\\\\\\\\\000\0\ara\d
=024  7\$aprinceton_aco003642$2local
=040  \\$aNjP$cPUL$dPUL
=035  \\$a(CStRLIN)NJPG95-B79667
=035  \\$9CCB0949TS
=035  \\$a(NjP)1035667
=041  0\$aaraper
=049  \\$aPULL
=035  \\$a(OCoLC)ocm34301803
=100  1\$6880-01$aSharīʻatī al-Iṣfahānī, Muḥammad Bāqir.
=245  10$6880-02$aĪqāẓ al-bashar bi-aʻlām al-khaṭar /$ctaʼlīf Muḥammad Bāqir al-Sharīʻatī al-Iṣfahānī.
=260  \\$a[Iran? :$bs.n.,$c197-?]
=300  \\$a157 p. ;$c21 cm.
=546  \\$aArabic and Persian.
=650  \0$aShīʻah$xDoctrines.$0http://id.loc.gov/authorities/subjects/sh85121391
=650  \0$aIslam$xDoctrines.$0http://id.loc.gov/authorities/subjects/sh85068396
=650  \0$aImamate.$0http://id.loc.gov/authorities/subjects/sh85064479
=880  1\$6100-01/r$aشريعتي الاصفهاني، محمد باقر.
=880  10$6245-02/r$aايقاظ البشر باعلام الخطر /$cتأليف محمد باقر الشريعتي الاصفهاني.
=998  \\$a02/20/96$s9114$nNjP$wNJPG95B79667$d12/21/95$cAAH$bAAH$i960220$lNJPG
=911  \\$a19960229
=912  \\$a19960220000000.0
=994  \\$aC0$bPUL
=999  \\$a1035667
=979  \\$a(OCoLC)ocn176347875
=852  00$01195229$brcppa$t1$hBP194$i.S327 1970z$xtr fr arab
=959  \\$a2000-06-13 00:00:00 -0400

