=LDR  01861cam a2200445 a 4500
=001  1035670
=003  NjP
=005  20171027100453.0
=008  951221s1987\\\\ir\\\\\\\b\\\\000\0bara\d
=024  7\$aprinceton_aco003048$2local
=035  \\$a(OCoLC)ocn176347886
=040  \\$aNjP$cPUL$dPUL
=035  \\$a(OCoLC)176347886
=035  \\$a(CStRLIN)NJPG95-B79805
=035  \\$9CCB0952TS
=035  \\$a(NjP)1035670
=079  \\$aocm34301810
=049  \\$aPULL
=100  1\$6880-01$aMudarrisī, Muḥammad Taqī.
=245  13$6880-02$aal-Imām ʻAlī, ʻalayhi al-salām, qudwah wa-uswah /$c[Muḥammad Taqī al-Mudarrisī]
=246  13$6880-03$aImām ʻAlī qudwah wa-uswah
=250  \\$6880-04$aal-Ṭabʻah 1.
=260  \\$6880-05$a[Iran] :$bMaktab al-ʻAllāmah al-Mudrrisī,$c1407 [1987]
=300  \\$a204 p. ;$c21 cm.
=504  \\$aIncludes bibliographical references.
=600  00$6880-06$aʻAlī ibn Abī Ṭālib,$cCaliph,$dapproximately 600-661$0http://id.loc.gov/authorities/names/n50039100
=650  \0$aImams (Shiites)$xBiography.$0http://id.loc.gov/authorities/subjects/sh2008104277
=880  1\$6100-01/r$aمدرسي، محمد تقي.
=880  12$6245-02/r$aالامام علي، عليه السلام، قدوة واسوة /$c[محمد تقي المدرسي]
=880  13$6246-03/r$aامام علي قدوة واسوة
=880  \\$6250-04/r$aالطبعة 1.
=880  \\$6260-05/r$a[ايران] :$bمكتب العلامة المدرسي،$c1407 [1987]
=880  00$6600-06/r$aعلي بن ابي طالب،$cCaliph,$dca. 600-661.
=998  \\$a02/21/96$s9114$nNjP$wNJPG95B79805$d12/21/95$cAAH$bAAH$i960221$lNJPG
=911  \\$a19960229
=912  \\$a19960221000000.0
=994  \\$aC0$bPUL
=999  \\$a1035670
=852  00$01195232$brcppa$t1$hBP193.1.A3$iM823 1987$xtr fr arab
=959  \\$a2000-06-13 00:00:00 -0500

