=LDR  01361cam a2200301 a 4500
=001  1070350
=003  NjP
=005  20170613155218.0
=008  960717q19001996ua\\\\\\\\\\\\000\0\ara\d
=024  7\$aprinceton_aco004236$2local
=035  \\$a(OCoLC)35143510
=035  \\$a(CStRLIN)NJPG96-B39646
=035  \\$9CCE9576TS
=040  \\$aNjP$cNjP
=041  1\$aaraeng$heng
=100  1\$aGairdner, W. H. T.$q(William Henry Temple),$d1873-1928.$0http://id.loc.gov/authorities/names/n82219662
=240  10$aChanges in the character of the missionary problem.$lArabic & English
=245  13$aal-Wathīqah al-Islām al-khaṭar! :$bnaṣṣ al-khiṭāb alladhī alqāhu W.H.T. Jāyirdnir fī muʾtamar Idinburah lil-tabshīr (al-tanṣīr) al-dawlī al-munʻaqid bi-al-Qāhirah ʻashīyat al-Sabt 18 Yūniyū 1910 M /$cMaḥmūd al-Shādhilī.
=260  \\$a[Cairo] :$bKitāb al-Mukhtār,$c[19--]
=300  \\$a36 p., p. 251-264 ;$c20 cm.
=440  \0$aNaḥwa ṭalāʾiʻ Islāmīyah waʻīyah ;$v29
=546  \\$aIn Arabic and English.
=650  \0$aMissions to Muslims.$0http://id.loc.gov/authorities/subjects/sh85086165
=998  \\$a07/17/96$s9114$nNjP$d07/17/96$cJEB$bJEB$i960717$lNJPG
=911  \\$a19960725
=912  \\$a19960717000000.0
=852  00$01232280$brcppa$t1$hBV2625$i.G347 1900z$xtr fr arab
=959  \\$a2000-06-13 00:00:00 -0500

