=LDR  01646cam a2200421 a 4500
=001  1070504
=003  NjP
=005  20190705143215.0
=008  960718s1901\\\\tu\\\\\\\\\\\\000\0\ara\d
=024  7\$aprinceton_aco004122$2local
=035  \\$a(CStRLIN)NJPG96-B39808
=035  \\$9CCE9730TS
=035  \\$a(NjP)1070504
=040  \\$aNjP$cPUL$dPUL
=041  0\$aaraota
=049  \\$aPULL
=035  \\$a(OCoLC)ocm35143550
=100  1\$6880-01$aḤalabī, Ibrāhīm ibn Muḥammad,$d-1549 or 1550.$0http://id.loc.gov/authorities/names/nr90022774
=240  10$6880-02$aMultaqá al-abḥur
=245  10$aMültekayülebhur /$c[Ibrāhīm ibn Muḥammad ibn Ibrāhīm al-Ḥalabī].
=246  1\$iCaption title:$aMultaqá al-abḥur
=260  \\$aDersaadet [Istanbul] :$bAhmet Cevdet ve şürekâsı,$c1319 [1901 or 1902]
=300  \\$a4, 172 p. ;$c24 cm.
=546  \\$aIn Arabic; title page in Ottoman Turkish.
=650  \0$aIslamic law$xEarly works to 1800.$0http://id.loc.gov/authorities/subjects/sh2008104963
=650  \0$aHanafites.$0http://id.loc.gov/authorities/subjects/sh85058609
=880  1\$6100-01/r$aحلبي، ابراهيم بن محمد،$dd. 1549 or 50.
=880  10$6240-02/r$aملتقى الابحر
=856  4\$uhttp://hdl.handle.net/2027/njp.32101076410990
=998  \\$a07/18/96$s9114$nNjP$d07/18/96$cJEB$bJEB$i960718$lNJPG
=911  \\$a19960725
=912  \\$a19960718000000.0
=994  \\$aC0$bPUL
=999  \\$a1070504
=979  \\$a(OCoLC)ocn176536688
=852  80$01232449$brcppa$t1$h2271.26.366 1901$xtr fr f
=852  8\$08687544$belf1$hElectronic Resource
=959  \\$a2000-06-08 00:00:00 -0400

