=LDR  01363cam a2200397 a 4500
=001  1070529
=003  NjP
=005  20190705143215.0
=008  960718q18001899tu\\\\\\\\\\\\000\0\ara\d
=024  7\$aprinceton_aco004138$2local
=035  \\$a(CStRLIN)NJPG96-B39835
=035  \\$9CCE9755TS
=035  \\$a(NjP)1070529
=040  \\$aNjP$cPUL$dPUL
=049  \\$aPULL
=035  \\$a(OCoLC)ocm35143559
=100  1\$6880-01$aAnṭākī, Ḥusayn ibn ʻAbd Allāh,$d-1717 or 1718.$0http://id.loc.gov/authorities/names/nr91031547
=245  10$6880-02$aḤusaynīyah.
=260  \\$6880-03$a[Istanbul :$bs.n.,$c1800]
=300  \\$a31, 8 p. ;$c23 cm.
=500  \\$aCaption title.
=500  \\$aCommentary in the margins.
=650  \0$aDialectic$xEarly works to 1800.
=880  1\$6100-01/r$aانطاكي، حسين بن عبد الله،$d-1717 or 1718.
=880  10$6245-02/r$aحسينية.
=880  \\$6260-03/r$a[اسطنبول :$bs.n.،$c1800]
=856  4\$uhttp://hdl.handle.net/2027/njp.32101073505677
=998  \\$a07/18/96$s9114$nNjP$d07/18/96$cJEB$bJEB$i960718$lNJPG
=911  \\$a19960725
=912  \\$a19960718000000.0
=994  \\$aC0$bPUL
=999  \\$a1070529
=979  \\$a(OCoLC)ocn176536869
=852  80$01232477$brcppa$t1$h2264.1191.348 1800z$xtr fr f
=852  8\$08687546$belf1$hElectronic Resource
=959  \\$a2000-06-08 00:00:00 -0500

