=LDR  01997cam a2200469 a 4500
=001  1071932
=003  NjP
=005  20171030093815.0
=008  960724s1988\\\\ir\\\\\\\b\\\\000\0bara\d
=024  7\$aprinceton_aco003108$2local
=035  \\$a(OCoLC)ocn176546575
=040  \\$aNjP$cPUL$dPUL
=035  \\$a(OCoLC)176546575
=035  \\$a(CStRLIN)NJPG96-B41072
=035  \\$9CCF1163TS
=035  \\$a(NjP)1071932
=041  1\$aara$hper
=050  \4$aBP193.13$b.I425 1988
=079  \\$aocm35185536
=049  \\$aPULL
=245  03$6880-01$aal-Imām al-thālith, al-Imām al-Ḥusayn, ʻalayhi al-salām /$c[al-muʼallif Lajnat al-Taḥrīr Fī Ṭarīq al-Ḥaqq].
=250  \\$6880-02$aal-Ṭabʻah 2.
=260  \\$6880-03$aQum :$bMuʼassasat Fī Ṭarīq al-Ḥaqq,$c1409 [1988 or 1989]
=300  \\$a24 p. ;$c22 cm.
=500  \\$aCover title.
=504  \\$aIncludes bibliographical references.
=500  \\$aTranslated from the Persian.
=600  00$6880-04$aḤusayn ibn ʻAlī,$d-680$0http://id.loc.gov/authorities/names/n79142777
=650  \0$aImams (Shiites)$xBiography.$0http://id.loc.gov/authorities/subjects/sh2008104277
=710  2\$6880-05$aDar Rāh-i Ḥaqq (Institute).$bHayʼat-i Taḥrīrīyah.$0http://id.loc.gov/authorities/names/n85235869
=880  02$6245-01/r$aالامام الثالث، الامام الحسين، عليه السلام /$c[المؤلف لجنة التحرير في طريق الحق].
=880  \\$6250-02/r$aالطبعة 2.
=880  \\$6260-03/r$aقم :$bمؤسسة في طريق الحق،$c1409 [1988 or 1989]
=880  00$6600-04/r$aحسين بن علي،$dd. 680.
=880  2\$6710-05/r$aدر راها حق (Institute).$bهيئتا تحريرية.
=998  \\$a07/24/96$s9114$nNjP$d07/24/96$cJEB$bJEB$i960724$lNJPG
=911  \\$a19960801
=912  \\$a19960724000000.0
=994  \\$aC0$bPUL
=999  \\$a1071932
=852  00$01233968$brcppa$t1$hBP193.13$i.I425 1988$xtr fr arab
=959  \\$a2000-06-13 00:00:00 -0500

