=LDR  01627cam a2200397 a 4500
=001  1072112
=003  NjP
=005  20171030093824.0
=008  960724s1981\\\\ir\\\\\\\b\\\\000\0\ara\d
=024  7\$aprinceton_aco002755$2local
=035  \\$a(OCoLC)ocn176547820
=040  \\$aNjP$cPUL$dPUL
=035  \\$a(OCoLC)176547820
=035  \\$a(CStRLIN)NJPG96-B41266
=035  \\$9CCF1343TS
=035  \\$a(NjP)1072112
=079  \\$aocm35185644
=049  \\$aPULL
=110  2\$aDar Rāh-i Ḥaqq (Institute).$bHayʼat-i Taḥrīrīyah.$0http://id.loc.gov/authorities/names/n85235869
=245  10$6880-01$aDurūs fī uṣūl al-dīn /$ctaʼlīf Lajnat al-Taḥrīr ; tarjamat Muḥammad ʻAlī al-Taskhīrī.
=260  \\$6880-02$aQum :$bMuʼassasat Fī Ṭarīq al-Ḥaqq,$c1402 [1981 or 1982]
=300  \\$a359 p. ;$c22 cm.
=500  \\$aPreface dated: 1402 H.
=504  \\$aIncludes bibliographical references.
=650  \0$aIslam$xStudy and teaching.$0http://id.loc.gov/authorities/subjects/sh85068408
=650  \0$aIslam$xDoctrines$xStudy and teaching.
=650  \0$aShīʻah$xDoctrines$xStudy and teaching.
=880  10$6245-01/r$aدروس في اصول الدين /$cتأليف لجنة التحرير ؛ ترجمة محمد علي التسخيري.
=880  \\$6260-02/r$aقم :$bمؤسسة في طريق الحق،$c1402 [1981 or 1982]
=998  \\$a07/24/96$s9114$nNjP$d07/24/96$cKC$bKC$i960724$lNJPG
=911  \\$a19960801
=912  \\$a19960724000000.0
=994  \\$aC0$bPUL
=999  \\$a1072112
=852  00$01234153$brcppa$t1$hBP42$i.L346 1981$xtr fr arab
=959  \\$a2000-06-13 00:00:00 -0500

