=LDR  01589cam a2200397 a 4500
=001  1080251
=003  NjP
=005  20171030094353.0
=008  960828m19829999ir\\\\\\\b\\\\000\0\ara\d
=024  7\$aprinceton_aco002742$2local
=035  \\$a(OCoLC)ocn176595272
=040  \\$aNjP$cPUL$dPUL
=035  \\$a(OCoLC)176595272
=035  \\$a(CStRLIN)NJPG96-B48588
=035  \\$9CCG0296TS
=035  \\$a(NjP)1080251
=079  \\$aocm35398884
=049  \\$aPULL
=100  1\$6880-01$aĀl Shubayr al-Khāqānī, Muḥammad Ṭāhir,$d1911-1986.$0http://id.loc.gov/authorities/names/nr98005726
=245  14$6880-02$aal-ʻAql al-basharī fī tafsīr al-Qurʼān /$cli-Muḥammad Ṭāhir Āl Shubayr al-Khāqānī.
=260  \\$6880-03$a[Qom] :$b[s.n.],$c1403- [1982]-$e([Qom] :$fMaṭbaʻat Mahr)
=300  \\$av. ;$c25 cm.
=504  \\$aIncludes bibliographical references.
=630  00$aQurʼan$xCommentaries.
=880  1\$6100-01/r$aآل شبير الخاقاني، محمد طاهر،$d1911-1986.
=880  12$6245-02/r$aالعقل البشري في تفسير القرآن /$cلمحمد طاهر آل شبير الخاقاني.
=880  \\$6260-03/r$a[قم] :$b[s.n.]،$c1403- [1982]$e([قم] :$fمطبعة مهر)
=998  \\$a08/28/96$s9114$nNjP$d08/28/96$cKC$bKC$i960828$lNJPG
=911  \\$a19960905
=912  \\$a19980106053947.0
=994  \\$aC0$bPUL
=999  \\$a1080251
=852  01$01242859$brcppa$t1$hBP130.4$i.A473 1982$xtr fr arab
=866  \0$01242859$80$aal-Juzʾ 1
=866  \0$01242859$80$xDESIGNATOR: al-Juzʾ
=959  \\$a2000-06-13 00:00:00 -0500

