=LDR  02827cam a2200493 a 4500
=001  1080568
=003  NjP
=005  20171030094406.0
=008  960829s1968\\\\ir\\\\\\\\\\\\000\0\ara\d
=024  7\$aprinceton_aco003146$2local
=035  \\$a(OCoLC)ocn176596919
=035  \\$a(OCoLC)176596919
=035  \\$a(CStRLIN)NJPG96-B48911
=035  \\$9CCG0614TS
=035  \\$a(NjP)1080568
=040  \\$aNjP$cPUL$dPUL
=049  \\$aPULL
=079  \\$aocm35400393
=100  1\$6880-01$aMīrjahānī Ṭabāṭabāʼī, Muḥammad Ḥasan.
=240  10$6880-02$aMiṣbāḥ al-balāghah fī mishkāt al-ṣiyāghah
=245  10$aHādhā huwa al-juzʼ al-awwal[-al-juzʼ al-rābiʻ] min mustadrak Nahj al-balāghah al-mawsūm bi-Miṣbāḥ al-balāghah fī mishkāt al-ṣiyāghah /$cmin taʼlīfāt Ḥasan al-Mīrjahānī al-Ṭabāṭabāʼī al-Muḥammadābādī al-Jarqūyī al-Iṣbahānī.
=246  14$6880-03$aMustadrak Nahj al-balāghah mawsūm bih Miṣbāḥ al-balāghah
=246  30$6880-04$aMiṣbāḥ al-balāghah fī mishkāt al-ṣiyāghah
=260  \\$6880-05$a[Iran] :$bḤ. al-Mīrjahānī al-Ṭabāṭabāʼī,$c1388 [1968 or 1069]
=300  \\$a4 v. in 2 ;$c25 cm.
=600  00$6880-06$aʻAlī ibn Abī Ṭālib,$cCaliph,$dca. 600-661$xHadith.
=700  1\$6880-07$aSharīf al-Raḍī, Muḥammad ibn al-Ḥusayn,$d969 or 70-1016.$tNahj al-balāghah.$0http://id.loc.gov/authorities/names/n80001372
=880  1\$6100-01/r$aميرجهاني طباطبائي، محمد حسن.
=880  10$6240-02/r$aمصباح البلاغة في مشكاة الصياغة
=880  10$6245-00/r$aهذا هو الجزء الاول[الجزء الرابع] من مستدرك نهج البلاغة الموسوم بمصباح البلاغة في مشكاة الصياغة /$cمن تأليفات حسن الميرجهاني الطباطبائي المحمدابادي الجرقويي الاصبهاني.
=880  14$6246-03/r$aمستدرك نهج البلاغة موسوم به مصباح البلاغة
=880  30$6246-04/r$aمصباح البلاغة في مشكاة الصياغة
=880  \\$6260-05/r$a[ايران] :$bح. الميرجهاني الطباطبائي،$c1388 [1968 or 1069]
=880  00$6600-06/r$aعلي بن ابي طالب،$cCaliph،$d600 (ca.)661$xهدث.
=880  1\$6700-07/r$aشريف الرضي، محمد بن الحسين،$d969 or 70-1016.$tنهج البلاغة.
=998  \\$a08/29/96$s9114$nNjP$d08/29/96$cJEB$bJEB$i960829$lNJPG
=911  \\$a19960905
=912  \\$a19960829000000.0
=994  \\$aC0$bPUL
=999  \\$a1080568
=852  01$01243190$brcppa$t1$hBP193.1.A2$iM575 1968$xtr fr nec
=866  \0$01243190$80$a1-2
=866  \0$01243190$80$xDESIGNATOR: mujallad
=959  \\$a2000-06-13 00:00:00 -0400

