=LDR  01788cam a2200481 a 4500
=001  1106132
=003  NjP
=005  20171030095930.0
=008  961219m19899999ir\\\\\\\b\\\\000\0\ara\d
=024  7\$aprinceton_aco002681$2local
=035  \\$a(OCoLC)ocn176477590
=035  \\$a(OCoLC)36139906
=040  \\$aNjP$cPUL$dPUL
=035  \\$a(OCoLC)176477590
=035  \\$a(CStRLIN)NJPG96-B71723
=035  \\$9CCJ9559TS
=035  \\$a(NjP)1106132
=079  \\$aocm36139906
=049  \\$aPULL
=100  1\$6880-01$aAbū Rughayf, ʻAmmār.
=245  10$6880-02$aManṭiq al-istiqrāʼ /$cʻAmmār Abū Rughayf.
=250  \\$6880-03$aal-Ṭabʻah 1.
=260  \\$6880-04$a[Irann] :$bMajmaʻ al-Fikr al-Islāmī,$c1410- [1989 or 1990]-
=300  \\$av. ;$c24 cm.
=490  0\$6880-05$aal-Maktabah al-falsafīyah ;$v2
=490  0\$6880-06$aMajmaʻ al-fikr al-Islāmī ;$v3
=504  \\$aIncludes bibliographical references.
=650  \0$aInduction (Logic)$0http://id.loc.gov/authorities/subjects/sh85065805
=880  1\$6100-01/r$aابو رغيف، عمار.
=880  10$6245-02/r$aمنطق الاستقراء /$cعمار ابو رغيف.
=880  \\$6250-03/r$aالطبعة 1.
=880  \\$6260-04/r$a[ايران] :$bمجمع الفكر الاسلامي،$c1410- [1989 or 1990]
=880  0\$6490-05/r$aالمكتبة الفلسفية ؛$v2
=880  0\$6490-06/r$aمجمع الفكر الاسلامي ؛$v3
=998  \\$a12/19/96$s9114$nNjP$d12/19/96$cKC$bKC$i961219$lNJPG
=911  \\$a19961227
=912  \\$a19961219000000.0
=994  \\$aC0$bPUL
=999  \\$a1106132
=852  01$01270764$brcppa$t1$hBC99.A7$iA287 1989$xtr fr arab
=866  \0$01270764$80$aal-Kitāb 1
=866  \0$01270764$80$xDESIGNATOR: al-Kitāb
=959  \\$a2000-06-13 00:00:00 -0500

