=LDR  01683cam a2200385 a 4500
=001  1117283
=003  NjP
=005  20170605125922.0
=008  970213s1953\\\\ir\\\\\\\\\\\\000\0\ara\d
=024  7\$aprinceton_aco003541$2local
=035  \\$a(OCoLC)ocn176556177
=040  \\$aNjP$cPUL$dPUL
=035  \\$a(OCoLC)176556177
=035  \\$a(CStRLIN)NJPG97-B9368
=035  \\$9CCL2599TS
=035  \\$a(NjP)1117283
=079  \\$aocm36420745
=049  \\$aPULL
=100  1\$6880-01$aRaḍawī al-Kāshānī, Muḥammad Ḥusayn.
=240  10$6880-02$aMughnī al-faqīh fī al-fiqh al-nabīh
=245  10$6880-03$aHādhā al-kitāb al-musammá bi-Mughnī al-faqīh fī al-fiqh al-nabīh /$cmin taʼlīfāt Muḥammad Ḥusayn al-Raḍawī al-Kāshānī.
=260  \\$6880-04$aKāshān :$bChāpkhānah-i Kūshish,$c1373 [1953 or 1954]
=300  \\$a119 p. ;$c22 cm.
=650  \0$aIslamic law$xInterpretation and construction.$0http://id.loc.gov/authorities/subjects/sh85068455
=880  1\$6100-01/r$aرضوي الكاشاني، محمد حسين.
=880  10$6240-02/r$aمغني الفقيه في الفقه النبيه
=880  10$6245-03/r$aهذا الكتاب المسمى بمغني الفقيه في الفقه النبيه /$cمن تأليفات محمد حسين الرضوي الكاشاني.
=880  \\$6260-04/r$aكاشان :$bچاپخانها كوشش،$c1373 [1953 or 1954]
=998  \\$a02/13/97$s9114$nNjP$d02/13/97$cKC$bKC$i970213$lNJPG
=911  \\$a19970220
=912  \\$a19970213000000.0
=994  \\$aC0$bPUL
=999  \\$a1117283
=852  80$01282653$brcppa$t1$hKBL$i.R323 1953$xtr fr arab
=959  \\$a2000-06-13 00:00:00 -0400

