=LDR  01806cam a2200433 a 4500
=001  1117361
=003  NjP
=005  20171030100608.0
=008  970213m19779999ir\\\\\\\\\\\\000\0\ara\d
=024  7\$aprinceton_aco003307$2local
=035  \\$a(OCoLC)ocn176556720
=040  \\$aNjP$cPUL$dPUL
=035  \\$a(OCoLC)176556720
=035  \\$a(CStRLIN)NJPG97-B9449
=035  \\$9CCL2677TS
=035  \\$a(NjP)1117361
=079  \\$aocm36420792
=049  \\$aPULL
=100  1\$6880-01$aMūsawī al-Shīrāzī al-Najafī, ʻAbd Allāh.
=245  10$6880-02$aDhakhīrat al-ṣāliḥīn :$bqism al-muʻāmalāt /$ctaʼlīf ʻAbd Allāh al-Mūsawī al-Shīrāzī al-Najafī.
=250  \\$6880-03$aal-Ṭabʻah 5.
=260  \\$6880-04$aMashhad al-Muqaddasah, Īrān :$b[s.n.],$c1398- [1977 or 1978]-
=300  \\$av. ;$c23 cm.
=500  \\$aVol. 2 lacks volume numbering.
=650  \0$aIslamic law$xInterpretation and construction.$0http://id.loc.gov/authorities/subjects/sh85068455
=650  \0$aFatwas.$0http://id.loc.gov/authorities/subjects/sh85047475
=880  1\$6100-01/r$aموسوي الشيرازي النجفي، عبد الله.
=880  10$6245-02/r$aذخيرة الصالحين :$bقسم المعاملات /$cتأليف عبد الله الموسوي الشيرازي النجفي.
=880  \\$6250-03/r$aالطبعة 5.
=880  \\$6260-04/r$aمشهد المقدسة، ايران :$b[s.n.]،$c1398- [1977 or 1978]
=998  \\$a02/13/97$s9114$nNjP$d02/13/97$cKC$bKC$i970213$lNJPG
=911  \\$a19970220
=912  \\$a19991214052135.0
=994  \\$aC0$bPUL
=999  \\$a1117361
=852  81$01282737$brcppa$t1$hKBL$i.M8737 1977$xtr fr arab
=866  \0$01282737$80$aal-Juzʾ 2
=866  \0$01282737$80$xDESIGNATOR: al-Juzʾ
=959  \\$a2000-06-13 00:00:00 -0400

