=LDR  01586cam a2200337 a 4500
=001  1117926
=003  NjP
=005  20171030100627.0
=008  970218s1989\\\\ir\\\\\\\b\\\\000\0\ara\d
=024  7\$aprinceton_aco003004$2local
=035  \\$a(OCoLC)36463509
=035  \\$a(CStRLIN)NJPG97-B10096
=035  \\$9CCL3250TS
=040  \\$aNjP$cNjP
=100  2\$aKaʻbī al-Ahwāzī, ʻAbd al-Zahrāʾ.
=245  10$aFaḍl al-Jumʻah wa-al-jamāʻah /$cli-ʻAbd al-Zahrāʾ al-Kaʻbī al-Ahwāzī. Wa-talīhi Risālah fī ṣalāt al-Jumʻah / lil-Shahīd al-Thānī Zayn al-Dīn ibn ʻAlī al-Jubbaʻī al-ʻĀmilī.
=250  \\$aal-Ṭabʻah 1.
=260  \\$a[Qom] :$bMuʾassasat al-Nashr al-Islāmī al-tābiʻah li-Jamāʻat al-Mudarrisīn bi-Qum al-Musharrafah,$c1410 [1989 or 1990]
=300  \\$a71, 67 p. ;$c24 cm.
=500  \\$a"564-565."
=504  \\$aIncludes bibliographical references.
=650  \0$aJumʻah.$0http://id.loc.gov/authorities/subjects/sh85070994
=650  \0$aSabbath.$0http://id.loc.gov/authorities/subjects/sh85116177
=650  \0$aPrayer$xIslam.$0http://id.loc.gov/authorities/subjects/sh85106123
=700  12$aShahīd al-Thānī, Zayn al-Dīn ibn ʻAlī,$d1506-1559.$tRisālah fī ṣalāt al-Jumʻah.$0http://id.loc.gov/authorities/names/n85225611
=740  0\$aRisālah fī ṣalāt al-Jumʻah.
=998  \\$a02/18/97$s9114$nNjP$d02/18/97$cKC$bKC$i970218$lNJPG
=911  \\$a19970227
=912  \\$a19970218000000.0
=852  00$01283359$brcppa$t1$hBP186.15$i.K323 1989$xtr fr arab
=959  \\$a2000-06-13 00:00:00 -0500

