=LDR  01291cam a2200301 a 4500
=001  1131805
=003  NjP
=005  20171031094842.0
=008  950615s1858\\\\tu\\\\\\\\\\\\00010\ara\d
=024  7\$aprinceton_aco002947$2local
=035  \\$a(OCoLC)36783180
=035  \\$a(CStRLIN)NJPG95-B37305
=035  \\$9CCM9272TS
=040  \\$aNjP$cNjP
=100  1\$aKaffawī, Muḥammad ibn Ḥumayd,$d-1760 or 1761.$0http://id.loc.gov/authorities/names/nr91022467
=245  10$aSharḥ al-Bināʼ /$cli-Muḥammad al-Kaffawī.
=260  \\$a[Istanbul :$bs.n.],$c1275 [1858]
=300  \\$a79 p. ;$c20 cm.
=500  \\$aCaption title.
=590  \\$aPrinceton copy bound with: Imʻān al-anẓār / by Muḥammad ibn Pīr ʻAlī al-Birkawī. [Istanbul : s.n., 1858]. Rūḥ al-shurūḥ / [ʻĪsá Sīrawī]. [Istanbul] : Dār al-Ṭibāʻah al-ʻĀmirah, 1856.
=650  \0$aArabic language$xMorphology.$0http://id.loc.gov/authorities/subjects/sh2007101233
=600  10$aDunquzī, ʻAbd Allāh,$d17th cent.$tBināʼ al-afʻāl.
=998  \\$a04/09/97$s9114$nNjP$wNJPG95B37305$d06/15/95$cAAH$bKC$i970409$lNJPG
=948  \\$aBW 1
=911  \\$a19970417
=912  \\$a19970409000000.0
=852  00$01298309$brcppa$t1$hPJ6131$i.K333 1858$xtr fr arab
=959  \\$a2000-06-13 00:00:00 -0500

