=LDR  01623cam a2200349Mi 4500
=001  1141220
=003  NjP
=005  20170602175935.0
=008  920415m19189999ua\\\\\\\\\\\\000\0\ara\d
=024  7\$aprinceton_aco002587$2local
=035  \\$a(OCoLC)ocm33996065
=035  \\$9CCN9815TS
=040  \\$aHLS$cHLS$dPUL
=041  0\$aara$heng
=100  1\$aDarwin, Charles,$d1809-1882$0http://id.loc.gov/authorities/names/n78095637
=240  10$aOrigin of species by means of natural selection ; or, The preservation of favored races in the struggle of life.$lArabic$f1928.
=245  10$aAṣl al-anwāʻ wa-nushūʾihā bi-al-intikhāb al-ṭabīʻī ; wa-ḥifẓ al-ṣufūf al-ghālibah fī al-tanāḥur ʻalá al-baqāʾ /$cShārlz Rūbirt Dārwīn ; naqalahu ilá al-ʻArabīyah Ismāʻīl Maẓhar.
=246  3\$aErvation of favored races in the struggle for life.
=246  3\$aḤifẓ al-ṣufūf al-ghālibah fī al-tanāḥur ʻalá al-baqāʾ.
=260  \\$a[Cairo] :$bDār al-ʻAṣr lil-Ṭabʻ wa-al-Nashr,$c1918-
=300  \\$av. ;$c24 cm.
=650  \0$aEvolution.$0http://id.loc.gov/authorities/subjects/sh85046029
=650  \0$aNatural selection.$0http://id.loc.gov/authorities/subjects/sh85090264
=700  1\$aMaẓhar, Ismāʻīl.
=856  4\$uhttp://catalog.hathitrust.org/Record/008888272
=856  4\$uhttp://hdl.handle.net/2027/njp.32101033004373$v3 v.1
=947  \\$aCCN9815
=911  \\$a20000402
=852  00$01308437$bnec$t1$hQH365.O37$iM394 1918
=866  \0$01308437$aVol. 1
=852  8\$08688335$belf1$hElectronic Resource
=959  \\$a2000-06-08 00:00:00 -0500

