=LDR  01414cam a2200421 a 4500
=001  1149115
=003  NjP
=005  20170602185054.0
=008  970613s1876\\\\tu\\\\\\\\\\\\000\0\ara\d
=024  7\$aprinceton_aco003233$2local
=035  \\$a(OCoLC)ocn176723147
=040  \\$aNjP$cPUL$dPUL
=035  \\$a(OCoLC)176723147
=035  \\$a(CStRLIN)NJPG97-B33811
=035  \\$9CCP8242TS
=035  \\$a(NjP)1149115
=079  \\$aocm37169379
=049  \\$aPULL
=130  0\$6880-01$aBāb daʻwá al-rajulayn.
=245  10$aCilt-i seni Bab-ı daʼvaülrecleyn.
=246  30$aDaʼvaülrecleyn
=246  30$aBab-ı daʼvaülrecleyn
=246  3\$6880-02$aDaʻwá al-rajulayn
=260  \\$6880-03$aDār al-Salṭanah :$bMaṭbaʻat ʻAlī Bik,$c1293 [1876]
=300  \\$a544, [2] p. ;$c27 cm.
=500  \\$aCaption title.
=590  \\$aPrinceton has only vol. 2.
=650  \0$aPrayer$xIslam.$0http://id.loc.gov/authorities/subjects/sh85106123
=880  0\$6130-01/r$aباب دعوى الرجلين.
=880  3\$6246-02/r$aدعوى الرجلين
=880  \\$6260-03/r$aدار السلطنة :$bمطبعة علي بك،$c1293 [1876]
=998  \\$a06/13/97$s9114$nNjP$d06/13/97$cJEB$bJEB$i970613$lNJPG
=911  \\$a19970619
=912  \\$a19970613000000.0
=994  \\$aC0$bPUL
=999  \\$a1149115
=852  00$01316932$brcppa$t1$hBP178$i.B322 1876$xtr fr arab
=959  \\$a2000-06-13 00:00:00 -0400

