=LDR  01012cam a2200301 a 4500
=001  1166277
=003  NjP
=005  20171031100659.0
=008  970815s1989\\\\ir\\\\\\\b\\\\000\0\ara\d
=024  7\$aprinceton_aco002916$2local
=035  \\$a(OCoLC)37582215
=035  \\$a(CStRLIN)NJPG97-B46583
=035  \\$9CCR7543TS
=040  \\$aNjP$cNjP
=041  1\$aara$hper
=100  1\$aMuṭahharī, Murtaz̤á.
=240  10$aFiṭrat.$lArabic
=245  13$aal-Fiṭrah /$cMurtaḍá Muṭahharī.
=250  \\$aal-Ṭabʻah 1.
=260  \\$aṬihrān :$bQism al-Iʻlām al-Khārijī fī Muʾassasat al-Biʻthah,$c1410 [1989 or 1990]
=300  \\$a228 p. ;$c22 cm.
=504  \\$aIncludes bibliographical references.
=650  \0$aIslam.$0http://id.loc.gov/authorities/subjects/sh85068390
=998  \\$a08/15/97$s9114$nNjP$d08/15/97$cJEB$bJEB$i970815$lNJPG
=911  \\$a19970821
=912  \\$a19970815000000.0
=852  00$01335188$brcppa$t1$hBP165$i.M87312 1989$xtr fr arab
=959  \\$a2000-06-13 00:00:00 -0500

