=LDR  01459cam a2200373 a 4500
=001  1167498
=003  NjP
=005  20190705143447.0
=008  970819s1977\\\\ir\\\\\\\\\\\\000\0\ara\d
=024  7\$aprinceton_aco003702$2local
=035  \\$a(CStRLIN)NJPG97-B47142
=035  \\$9CCR8769TS
=035  \\$a(NjP)1167498
=040  \\$aNjP$cPUL$dPUL
=049  \\$aPULL
=035  \\$a(OCoLC)ocm37581779
=100  1\$6880-01$aWāsiʻī al-Zanjānī, ʻAbd al-Raḥīm.
=240  10$aIrth
=245  10$6880-02$aKitāb al-Irth :$bfiqh al-istidlālī /$cli-muʼallifihi ʻAbd al-Raḥīm al-Wāsiʻī al-Zanjānī.
=246  30$aIrth
=260  \\$6880-03$aTihrān :$bChāpkhānah-i Firdawsī,$c1397 [1977]
=300  \\$a480 p. ;$c25 cm.
=650  \0$aInheritance and succession (Islamic law)$0http://id.loc.gov/authorities/subjects/sh85066384
=880  1\$6100-01/r$aواسعي الزنجاني، عبد الرحيم.
=880  10$6245-02/r$aكتاب الارث :$bفقه الاستدلالي /$cلمؤلفه عبد الرحيم الواسعي الزنجاني.
=880  \\$6260-03/r$aتهران :$bچاپخانها فردوسي،$c1397 [1977]
=998  \\$a08/19/97$s9114$nNjP$d08/19/97$cJEB$bJEB$i970819$lNJPG
=911  \\$a19970828
=912  \\$a19970819000000.0
=994  \\$aC0$bPUL
=999  \\$a1167498
=979  \\$a(OCoLC)ocn176781624
=852  80$01336502$brcppa$t1$hKBL$i.W374 1977$xtr fr arab
=959  \\$a2000-06-13 00:00:00 -0400

