=LDR  02234cam a2200457 a 4500
=001  1173202
=003  NjP
=005  20171031101200.0
=008  970911s1982\\\\ir\\\\\\\b\\\\000\0\ara\d
=024  7\$aprinceton_aco002757$2local
=035  \\$a(OCoLC)ocn176801837
=040  \\$aNjP$cPUL$dPUL
=035  \\$a(OCoLC)176801837
=035  \\$a(CStRLIN)NJPG97-B51803
=035  \\$9CCS5185TS
=035  \\$a(NjP)1173202
=050  \4$aBP130$b.M577 1982
=079  \\$aocm80227017
=049  \\$aPULL
=100  1\$6880-01$aMīr Ṣābirī, Dāwūd.
=245  13$6880-02$aal-Āyāt al-bāhirah fī baqīyat al-ʻitrah al-ṭāhirah, aw, Tafsīr āyāt al-Qurʼān fī al-Mahdī ṣāḥib al-zamān /$c[al-muʼallif Dāwūd al-Mīr Ṣābirī].
=246  30$6880-03$aĀyāt al-bāhirah fī baqīyat al-ʻitrah al-ṭāhirah
=246  30$6880-04$aTafsīr āyāt al-Qurʼān fī al-Mahdī ṣāḥib al-zamān
=260  \\$6880-05$aṬihrān :$bQism al-Dirāsāt al-Islāmīyah, Muʼassasat al-Biʻthah,$c[1982?]
=300  \\$a496 p. ;$c22 cm.
=500  \\$aIntrod. dated: 1402 [1982]
=504  \\$aIncludes bibliographical references (p. [477-491]).
=630  00$aQurʼan$xCriticism, interpretation, etc.$0http://id.loc.gov/authorities/subjects/sh85072959
=650  \0$aMahdi.$0http://id.loc.gov/authorities/subjects/sh85079849
=880  1\$6100-01/r$aمير صابري، داوود.
=880  12$6245-02/r$aالايات الباهرة في بقية العترة الطاهرة، او، تفسير آيات القرآن في المهدي صاحب الزمان /$c[المؤلف داوود المير صابري].
=880  30$6246-03/r$aآيات الباهرة في بقية العترة الطاهرة
=880  30$6246-04/r$aتفسير آيات القرآن في المهدي صاحب الزمان
=880  \\$6260-05/r$aطهران :$bقسم الدراسات الاسلامية، مؤسسة البعثة،$c[1982؟]
=998  \\$a09/11/97$s9114$nNjP$d09/11/97$cJEB$bJEB$i970911$lNJPG
=911  \\$a19970918
=912  \\$a19970911000000.0
=994  \\$aC0$bPUL
=999  \\$a1173202
=852  00$01342448$brcppa$t1$hBP130$i.M577 1982$xtr fr arab
=959  \\$a2000-06-13 00:00:00 -0500

