=LDR  00936cam a2200265   4500
=001  1282171
=003  NjP
=005  20171102093735.0
=008  890925s1967\\\\ir\a\\\\\\\\\\001\0\arard
=024  7\$aprinceton_aco003820$2local
=035  \\$a(OCoLC)ocm23483878
=035  \\$9CDS4785TS
=040  \\$aEYM$cEYM$dOSU$dPUL
=050  \4$aBP 100$b1967
=130  0\$aKoran.$0http://id.loc.gov/authorities/names/n79046204
=245  10$aQurʼān mubīn wa-fahāris al-Qurʼān /$cbi-kūshish-i Maḥmūd Rāmyār.
=260  \\$aṬihrān, Īrān :$bAmīr Kabīr,$c1345 [1967]
=300  \\$a1040 p. :$bcol ill. ;$c25 cm.
=546  \\$aText of the Qurʼān and indexes in Arabic; introductions to text and indexes in Persian.
=630  00$aQurʼan$vConcordances.
=700  1\$aRāmyār, Maḥmūd.
=947  \\$aCDS4785
=911  \\$a20000402
=852  00$01473684$brcppa$hBP133$i.K673 1967$xtr fr nec
=959  \\$a2000-06-13 00:00:00 -0400

