=LDR  02174cam a2200505   4500
=001  128336
=003  NjP
=005  20190705135610.0
=008  830304m19589999ir\\\\\\\\\\\\000\0\ara\\
=024  7\$aprinceton_aco004647$2local
=035  \\$a(CStRLIN)NJPG83-B16604
=035  \\$9AAU3093TS
=035  \\$a(NjP)128336
=040  \\$aNjP$cPUL$dPUL
=049  \\$aPULL
=035  \\$a(OCoLC)ocm27883315
=100  1\$6880-01$aNajafī, Muḥammad Ḥasan ibn Bāqir,$dapproximately 1788-1850.$0http://id.loc.gov/authorities/names/nr93010369
=245  10$6880-02$aJawāhir al-Kalām fī sharḥ Sharāʼiʻ al-Islām.
=260  \\$6880-03$aNajaf,$bDār al-Kutub al-Islāmīyah,$c1378- [1958/59]-
=300  \\$av.$c25 cm.
=500  \\$a6th ed.
=500  \\$aPlace of publication varies.
=500  \\$aVols. 26-28 edited by ʻAlī al-Ajwandī; vols. 29-40 edited by Maḥmūd al-Qūchānī; vols. 41- edited by Riḍā al-Ustādī.
=600  10$6880-04$aMuḥaqqiq al-Ḥillī, Jaʻfar ibn al-Ḥasan,$d1205 or 1206-1277.$tSharāʼiʻ al-Islām.
=700  1\$6880-05$aAjwandī, ʻAlī.
=700  1\$6880-06$aQūchānī, Maḥmūd.
=700  1\$6880-07$aUstādī, Riḍā.
=880  1\$6100-01/r$aنجفي، محمد حسن بن باقر،$dapproximately 1788-1850.
=880  10$6245-02/r$aجواهر الكلام في شرح شرائع الاسلام.
=880  \\$6260-03/r$aنجف،$bدار الكتب الاسلامية،$c1378- [1958/59]
=880  14$6600-04/r$aمحقق الحلي، جعفر بن الحسن،$d1205 or 1206-1277.$tشرائع الاسلام.
=880  1\$6700-05/r$aاجوندي، علي.
=880  1\$6700-06/r$aقوچاني، محمود.
=880  1\$6700-07/r$aاستادي، رضا.
=998  \\$a03/17/94$s9114$nNjP$wNJPG83B16604$d03/04/83$cNP$bKC$i940317$lNJPG
=948  \\$aCON PC2
=911  \\$a19940324
=912  \\$a19940317000000.0
=994  \\$aC0$bPUL
=999  \\$a128336
=979  \\$a(OCoLC)ocn175520252
=852  81$0143025$brcppa$t1$h2271.3553.831 1958$xtr fr f
=866  \0$0143025$60$av.1-42
=866  \0$0143025$60$xAdd as: v. RLIN ID to Serials
=959  \\$a2000-06-13 00:00:00 -0500

