=LDR  01045cam a2200301 a 4500
=001  1301070
=003  NjP
=005  20130715131416.0
=008  910702s1950\\\\iq\\\\\\\\\\\\000\0\arard
=024  7\$aprinceton_aco003214$2local
=035  \\$a(OCoLC)ocm24020098
=035  \\$9CDU3893TS
=040  \\$aMNU$cMNU$dPUL
=100  2\$aḤimyārī al-Qummī, ʻAbd Allāh ibn Jaʻfar,$dfl. 902.
=245  10$aQurb al-isnād /$ctaʼlīf Abī al-ʻAbbās ʻAbd Allāh ibn Jaʻfar al-Ḥimyārī ...
=250  \\$aal-Ṭabʻah 1.
=260  \\$aal-Najaf :$bal-Maṭbaʻah al-Ḥaydarīyah,$c1950.
=300  \\$a33, 234 p. ;$c22 cm.
=590  \\$aIn Arabic.
=590  \\$aPhotocopy.
=600  00$aJaʻfar al-Ṣādiq,$d702?-765 or 766$xHadith.
=600  00$aMūsá al-Kāẓim ibn Jaʻfar,$d745?-799$xHadith.
=650  \0$aHadith (Shiites)
=947  \\$aCDU3893
=911  \\$a20000130
=852  00$01494583$brcppa$t0$hBP193.25$i.Q5543 1950$xtr fr nec
=852  80$03543160$brcppf$hMICROFILM 02391$xtr fr flm
=959  \\$a2000-06-13 00:00:00 -0400

