=LDR  01331cam a2200373K  4500
=001  1310397
=003  NjP
=005  20190705143621.0
=008  991207s1924\\\\ua\a\\\\\\\\\\000\0\ara\d
=024  7\$aprinceton_aco004467$2local
=035  \\$9CDV3327TS
=040  \\$aPUL$cPUL$dOCLCQ$dOCLCG$dPUL
=066  \\$c(3
=043  \\$aa-ba---$aa-iq---
=090  \\$aDS247.B27$bN23 1924
=049  \\$aPULL
=035  \\$a(OCoLC)ocm42946258
=100  1\$6880-01$aNabhānī, Muḥammad ibn Khalīfah,$d-1950.$0http://id.loc.gov/authorities/names/nr94001441
=245  13$6880-02$aal-Tuḥfah al-nabhānīyah fi taʹrīkh al-jazīrah al-ʻarabīyah ...
=260  \\$6880-03$a[Cairo]$c1342 [1924?]
=300  \\$a262 p. :$bill.$c21 cmm.
=546  \\$aTitle-page and text in Arabic.
=651  \0$aBahrain$xHistory.
=651  \0$aBaṣrah (Iraq)$xHistory.
=880  1\$6100-01/(3/r$aنبهاني، محمد بن خليفة،$d-1950.
=880  12$6245-02/(3/r$aالتحفة النبهانية ف تريخ الجزيرة العربية ...
=880  \\$6260-03/(3/r$a[القاهرة]$c1342 [1924؟]
=947  \\$aCDV3327
=994  \\$aC0$bPUL
=999  \\$a1310397
=902  \\$ajab$br$6a$7m$dv$f0$e20100729
=979  \\$a(OCoLC)ocn650825928
=852  80$01504978$brcppa$t0$h2272.6967.391$xtr fr f
=959  \\$a2000-06-13 00:00:00 -0500

