=LDR  00837cam a22002415  4500
=001  1354741
=003  NjP
=005  20170613155223.0
=008  870427s1929\\\\ua\\\\\\\b\\\\000\0\arard
=024  7\$aprinceton_aco004598$2local
=035  \\$a(OCoLC)ocm15597763
=035  \\$9CDZ8270TS
=040  \\$aWAU$cWAU$dOCL$dPUL
=100  1\$aIbn al-Nadīm, Muḥammad ibn Isḥāq,$dactive 987.$0http://id.loc.gov/authorities/names/n87909800
=245  13$aal-Fihrist li-Ibn al-Nadīm.
=260  \\$aCairo,$bal-Maktabah al-Tijārīyah al-Kubrá,$c1348 [1929 or 30]
=300  \\$a528, 8 p.
=500  \\$aIn Arabic.
=650  \0$aArabic literature$vBibliography.$0http://id.loc.gov/authorities/subjects/sh2009115249
=947  \\$aCDZ8270
=911  \\$a20000130
=852  80$01555709$brcppa$t0$h2272.698.334.12$xtr fr f
=959  \\$a2000-06-13 00:00:00 -0500

