=LDR  01256cam a2200325 a 4500
=001  1364844
=003  NjP
=005  20170613155059.0
=008  830503s1947\\\\ua\\\\\\\\\\\\001\0\ara\d
=024  7\$aprinceton_aco002468$2local
=035  \\$a(OCoLC)ocm09472136
=035  \\$9CEA8497TS
=040  \\$aIXA$cIXA$dPUL
=100  1\$aḤasan, Ḥasan Ibrāhīm.
=245  10$aʻUbayd Allāh al-Mahdī :$bImām al-shīʻah al-Ismāʻīlīyah wa-muʾassis al-dawlah al-Fāṭimīyah fī bilād al-Maghrib /$cTaʾlīf Ḥasan Ibrāhīm Ḥasan, Ṭāhā Aḥmad Sharaf.
=260  \\$aCairo :$bMaktabat al-Nahḍah al-Miṣrīyah,$c1947.
=300  \\$a367 p. ;$c24 cm.
=500  \\$aAdded cover title: The Mahdi Ubayʾd-Ullah.
=504  \\$aBibliography: p. 343-349.
=504  \\$aIncludes indexes.
=590  \\$aPhotocopy.
=500  \\$aBy Hasan Ibāhīm Ḥasan and Tāhā Aḥmad Sharaf.
=600  00$aʻUbayd Allāh al-Mahdī,$cCaliph,$dd.934.
=650  \0$aFatimites.$0http://id.loc.gov/authorities/subjects/sh85047470
=700  1\$aSharaf, Ṭāhā Aḥmad.
=740  4\$aThe Mahdi Ubayʾd-Ullah.
=947  \\$aCEA8497
=911  \\$a20000130
=852  00$01567079$bnec$t0$hDT173.U233$iH373 1947
=959  \\$a2000-06-13 00:00:00 -0500

