=LDR  00775cam a22002655  4500
=001  1432528
=003  NjP
=005  20170613155102.0
=008  991123s1951\\\\ua\\\\\\\\\\\\000\0\ara\d
=024  7\$aprinceton_aco004164$2local
=035  \\$a(OCoLC)ocm42877240
=035  \\$9CEH7162TS
=040  \\$aPUL$cPUL
=110  1\$aEgypt.$0http://id.loc.gov/authorities/names/n80061791
=240  10$aLaws, etc.
=245  00$aTashrīʻ al-ʻamal fi Miṣr ...
=260  \\$a[Cairo]$c1951.
=300  \\$a230 p.$c24 cm.
=546  \\$aTitle-page and text in Arabic.
=500  \\$aCompiled by Muḥammad Ḥanafi.
=700  1\$aḤanafi, Muḥammad,$ecomp.
=947  \\$aCEH7162
=911  \\$a20000130
=852  80$01643130$brcppa$t0$h2269.312.1951.2$xtr fr f
=959  \\$a2000-06-13 00:00:00 -0500

