=LDR  01664cam a2200409 a 4500
=001  144697
=003  NjP
=005  20190705135633.0
=008  830506s1954\\\\sy\\\\\\\\\\\\000\0cara\d
=024  7\$aprinceton_aco003691$2local
=035  \\$a(CStRLIN)NJPG83-B32466
=035  \\$9AAV9500TS
=035  \\$a(NjP)144697
=040  \\$aNjP$cPUL$dPUL
=043  \\$aa-sy---
=049  \\$aPULL
=035  \\$a(OCoLC)ocm78556187
=100  1\$6880-01$aRamzī, ʻUthmān.
=245  10$6880-02$aKitāb al-Jazīrah wa-rijalatihā :$btaʻrīf al-Jazīrah ilá abnāʼ Sūriyā wa-al-bilād al-ʻArabīyah /$cal-muʼallifān ʻUthmān Ramzī, Salīm Ḥānā.
=260  \\$6880-03$aal-Qāmishlī :$bMaṭbaʻat al-Khābūr,$c[1954?]
=300  \\$a55 p. :$bill. ;$c22 cm.
=500  \\$aCover title.
=651  \0$6880-04$aJazīrah (Syria)$xBiography.
=700  1\$6880-05$aḤānā, Salīm.
=880  1\$6100-01/r$aرمزي، عثمان.
=880  10$6245-02/r$aكتاب الجزيرة ورجلتها :$bتعريف الجزيرة الى ابناء سوريا والبلاد العربية /$cالمؤلفان عثمان رمزي، سليم حانا.
=880  \\$6260-03/r$aالقامشلي :$bمطبعة الخابور،$c[1954?]
=880  \0$6651-04/r$aجزيرة ((Syria$xBiography.
=880  1\$6700-05/r$aحانا، سليم.
=998  \\$a05/06/83$s9114$nNjP$wNJPG83B32466$d05/06/83$cSSH$bYL$i830506$lNJPG
=911  \\$a19921028
=912  \\$a19900821000000.0
=994  \\$aC0$bPUL
=999  \\$a144697
=979  \\$a(OCoLC)ocn175655274
=852  00$0160522$brcppa$t1$hDS99.J41$iR3 1954$xtr fr arab
=959  \\$a2000-06-13 00:00:00 -0400

