=LDR  01878cam a2200433M  4500
=001  1453649
=003  NjP
=005  20190705143648.0
=008  880825s1968\\\\iq\\\\\\\\\\\\000\0\ara\d
=024  7\$aprinceton_aco004261$2local
=040  \\$aORZ$cPUL$dPUL
=035  \\$9CEK8585TS
=035  \\$a(NjP)1453649
=041  1\$aara$hfre
=043  \\$aa-iq---
=049  \\$aPULL
=019  \\$a1055979307$a1056787017$a1105343047
=035  \\$a(OCoLC)ocm18402585$z(OCoLC)on1055979307$z(OCoLC)on1056787017$z(OCoLC)on1105343047
=100  1\$aVaucelles, Pierre de.
=240  00$aLa vie en Irak il y a un siècle, vue par nos consuls.$lArabic.
=245  13$6880-01$aal-Ḥayāh fī al-ʻIrāq mundhu qarn, 1814-1914.$bTaʼlīf Piyīr Dī Vūsīl. Tarjamat Akram Fādil.
=260  \\$6880-02$aBaghdād,$bMudīrīyat al-Thaqāfah al-ʻAmmah,$c1968.
=300  \\$a184 p.$c24 cm.
=490  1\$6880-03$aSilsilat al-kutub al-mutarjamah,$v4
=500  \\$aTranslation of La vie en Irak il y a un siècle, vue par nos consuls.
=500  \\$aIn Arabic characters.
=651  \0$aIraq$xSocial life and customs.
=810  1\$6880-04$aIraq.$bMudīrīyat al-Thaqāfah al-ʻĀmmah.$tSilsilat al-kutub al-mutarjamah ;$v4.
=880  12$6245-01/r$aالحياة في العراق منذ قرن، 1814-1914.$bتأليف پيير دي ڤوسيل. ترجمة اكرم فادل.
=880  \\$6260-02/r$aبغداد،$bمديرية الثقافة العمة،$c1968.
=880  1\$6490-03/r$aسلسلة الكتب المترجمة،$v4
=880  1\$6810-04/r$aالعراق.$bمديرية الثقافة العامة.$tسلسلة الكتب المترجمة ؛$v4.
=947  \\$aCEK8585
=911  \\$a20000130
=994  \\$aC0$bPUL
=999  \\$a1453649
=979  \\$a(OCoLC)ocn176812195
=852  80$01666509$brcppa$t0$h1794.929.1968$xtr fr f
=959  \\$a2000-06-13 00:00:00 -0500

