=LDR  00897cam a22002775  4500
=001  1454442
=003  NjP
=005  20171108094946.0
=008  991124s1970\\\\iq\\\\\\\bm\\\000\0\ara\d
=024  7\$aprinceton_aco003865$2local
=035  \\$a(OCoLC)ocm42883652
=035  \\$9CEK9390TS
=040  \\$aPUL$cPUL
=100  1\$aMubārak, ʻAbd al-Ḥusayn.
=245  10$aThawrat 1920 fī al-shiʻr al-ʻIrāqī.
=260  \\$aBagdad,$bMaṭbaʻat Dār al-Baṣrī,$c1970.
=300  \\$a288 p.$c24 cm.
=546  \\$aIn Arabic.
=502  \\$aThesis (M.A.)--ʻAyn Shams University.
=504  \\$aBibliography: p. 261-276.
=651  \0$aIraq$xHistory$yRevolt, 1920$vPoetry.
=650  \0$aArabic poetry$zIraq.$0http://id.loc.gov/authorities/subjects/sh2001000560
=947  \\$aCEK9390
=911  \\$a20000130
=852  00$01667385$brcppa$t0$hPJ8040$i.M833 1970$xtr fr nec
=959  \\$a2000-06-13 00:00:00 -0400

