=LDR  01587cam a22004335a 4500
=001  1464970
=003  NjP
=005  20170518132109.0
=008  870910s1956\\\\iq\ab\\\\\\\\\001\0\ara\\
=024  7\$aprinceton_aco002170$2local
=010  \\$a   90965296 
=035  \\$a(OCoLC)ocn176838432
=035  \\$a(OCoLC)ocm39497791
=035  \\$a(OCoLC)176838432
=035  \\$9CEM0097TS
=035  \\$a(NjP)1464970
=040  \\$aDLC$cPUL$dPUL
=042  \\$alcode
=043  \\$aa-iq---
=049  \\$aPULL
=050  04$aDS70.8.B4$bJ28
=079  \\$aocm39497791$zocm16666029
=100  1\$6880-01$aJamīl, Makkī.
=245  13$6880-02$aal-Badw wa-al-qabāʼil al-raḥḥālah fī al-ʻIrāq /$ctaʼlīf Makkī al-Jamīl ; ashrafa ʻalá ṭabʻihi Jihād al-ʻAbāyijī.
=246  1\$iTitle on p. [4] of cover:$aBedouins and wandering tribes of Iraq
=260  \\$6880-03$aBaghdād :$bMaṭbaʻat al-Rābiṭah,$c1956.
=300  \\$a264 p. :$bill., maps ;$c22 cm.
=504  \\$aIncludes bibliographical references (p. 322-323) and indexes.
=520  \\$aBedouins; Iraq.
=650  \0$aBedouins$zIraq.
=880  1\$6100-01/r$aجميل، مكي.
=880  12$6245-02/r$aالبدو والقبائل الرحالة في العراق /$cتأليف مكي الجميل ؛ اشرف على طبعه جهاد العبايجي.
=880  \\$6260-03/r$aبغداد :$bمطبعة الرابطة،$c1956.
=947  \\$aCEM0097
=911  \\$a20000130
=994  \\$aC0$bPUL
=999  \\$a1464970
=852  00$01678979$bnec$t0$hDS70.8.B4$iJ28 1956
=959  \\$a2000-06-13 00:00:00 -0400

