=LDR  01169cam a2200325Ma 4500
=001  1494060
=003  NjP
=005  20170905111258.0
=008  032984s1898\\\\ti\\\\\\\\\\\\000\0\ara\d
=024  7\$aprinceton_aco002531$2local
=035  \\$a(OCoLC)ocn264966339
=035  \\$a(CStRLIN)RLINGEAC00620473-B
=035  \\$9CEP9642TS
=035  \\$a1494060
=040  \\$aCUD$cCUD
=035  \\$a(OCoLC)264966339
=049  \\$aPULL
=090  \\$aDS38.4$b.I26 1898
=100  0\$aIbn al-Khaṭīb,$d1313-1374.$0http://id.loc.gov/authorities/names/n82037645
=245  10$aRaqm ʼal-ḥulal fī naẓm ʼal-duwal /$ctaʼlīf ʼAbī ʻAbd ʼAllāh ʼIbn ʼal-Khatīb ʼal-Silmānī.
=260  \\$aTūnis :$bʼal-Maṭbaʻah ʼal-ʻumūmīyah,$c1316 [1898]
=300  \\$a122 p ;$c24 cm.
=500  \\$aWith a commentary by the author.
=504  \\$aIncludes index.
=650  \0$aCaliphs$vBiography.$0http://id.loc.gov/authorities/subjects/sh2008100026
=651  \0$aIslamic Empire$xHistory.$0http://id.loc.gov/authorities/subjects/sh85068446
=994  \\$aC0$bPUL
=999  \\$a1494060
=852  00$01711212$bnec$hDS38.4$i.I26 1898$t0
=959  \\$a2000-06-13 00:00:00 -0500

