=LDR  01126cam a22002895  4500
=001  1547923
=003  NjP
=005  20170215174042.0
=008  810611s1933\\\\le\c\\\\\\\\\\000\0\ara\d
=024  7\$aprinceton_aco003970$2local
=035  \\$a(OCoLC)ocm07497823
=035  \\$9CEV4945TS
=040  \\$aCLE$cCLE$dPUL
=041  1\$aarager
=092  \\$a917.4$bN714p
=100  1\$aNöldeke, Theodor,$d1836-1930.$0http://id.loc.gov/authorities/names/n79055569
=245  14$aThe princes of Ghassān from the house of Gafna,$ctr. into Arabic from the original German, and provided with the author's last corrections, by Pendali Jousé [&] Costi K. Zurayk.
=260  \\$a[Beirut]$bPrinted at the Catholic press,$c1933.
=300  \\$a[4], 82, 12 p.,$bfront. (incl. port.)
=410  20$aAmerican University of Beirut.$bFaculty of Arts and Sciences.$tPublications: Oriental series,$vno. 4
=500  \\$aAdded t.-p. in Arabic.
=700  1\$aJousé, Pendali,$etr.
=700  1\$aZurayk, Costi K.$etr.
=947  \\$aCEV4945
=911  \\$a20000130
=852  00$01782438$brcppa$t0$hDS96$i.N653 1933$xtr fr f
=959  \\$a2000-06-13 00:00:00 -0400

