=LDR  01805cam a2200421   4500
=001  1570411
=003  NjP
=005  20170516151702.0
=008  821210s1970\\\\iq\\\\\\\b\\\\000\0\arar\
=024  7\$aprinceton_aco003213$2local
=010  \\$a   72297459 
=035  \\$a(OCoLC)ocn177250216
=035  \\$a(OCoLC)ocm09038682
=040  \\$aDLC$cPUL$dPUL
=035  \\$a(OCoLC)177250216
=035  \\$9CEX7989TS
=035  \\$a(NjP)1570411
=050  0\$aBP193$b.T34 1970
=079  \\$aocm09038682$zocn264969220$zocn264969220
=049  \\$aPULL
=100  1\$6880-01$aṬabarsī, al-Faḍl ibn al-Ḥasan,$d-1153.$0http://id.loc.gov/authorities/names/n2002052868
=245  10$6880-02$aIʻlām al-wará bi-aʻlām al-hudá,$ctaʼlīf Abī ʻAlī al-Faḍl ibn al-Ḥasan al-Ṭabarsī. Qaddama lah Muḥammad Mahdī Ḥasan al-Kharsān.
=250  \\$6880-03$aal-Ṭabʻah 3.
=260  \\$6880-04$aal-Najaf,$bal-Maktabah al-Ḥaydarīyah,$c1970.
=300  \\$a487 p.$c26 cm.
=500  \\$aCover title: Ielam al-wara belelam al-huda, by Abi Ali al-Phalhil ebin al-Hasan al-Tabersi.
=504  \\$aIncludes bibliographical references.
=650  \0$aImams (Shiites)$0http://id.loc.gov/authorities/subjects/sh85064480
=880  1\$6100-01/r$aطبرسي، الفضل بن الحسن،$d-1153.
=880  10$6245-02/r$aاعلام الورى باعلام الهدى،$cتأليف ابي علي الفضل بن الحسن الطبرسي. قدم لة محمد مهدي حسن الخرسان.
=880  \\$6250-03/r$aالطبعة 3.
=880  \\$6260-04/r$aالنجف،$bالمكتبة الحيدرية،$c1970.
=947  \\$aCEX7989
=911  \\$a20000130
=994  \\$aC0$bPUL
=999  \\$a1570411
=852  00$01807781$brcppa$t1$hBP193$i.T34 1970$xtr fr nec
=959  \\$a2000-06-13 00:00:00 -0400

