=LDR  01601cam a22003975  4500
=001  1586251
=003  NjP
=005  20190705143721.0
=008  991124s1970\\\\ir\\\\\\\\\\\\000\0\ara\d
=024  7\$aprinceton_aco004026$2local
=040  \\$aPUL$cPUL$dPUL
=035  \\$9CEZ4828TS
=035  \\$a(NjP)1586251
=049  \\$aPULL
=035  \\$a(OCoLC)ocm42882142
=100  1\$6880-01$aKafʻamī, Ibrāhīm ibn ʻAlī,$d1436 or 1437-1499 or 1500.$0http://id.loc.gov/authorities/names/nr92019019
=245  10$6880-02$aJunnat al-wāqiyah wa-jannat al-īmān al-bāqiyah al-mushtahar bi-al-Miṣbāḥ.
=246  3\$6880-03$aMiṣbāḥ
=250  \\$6880-04$aal-Ṭabʻah 2.
=260  \\$6880-05$aTehran,$bMuʼassaseh-yi Maṭbūʻātī-yi Ismāʻīliyān,$c1349 [1970 or 71]
=300  \\$a774 p.$c34 cm.
=546  \\$aIn Arabic.
=590  \\$aPhotocopy.
=650  \0$aIslam$vPrayers and devotions.$0http://id.loc.gov/authorities/subjects/sh85068403
=880  1\$6100-01/r$aكفعمي، ابراهيم بن علي،$d1436 or 1437-1499 or 1500.
=880  10$6245-02/r$aجنة الواقية وجنة الامان الباقية المشتهر بالمصباح.
=880  3\$6246-03/r$aمصباح
=880  \\$6250-04/r$aالطبعة 2.
=880  \\$6260-05/r$aتهران،$bمؤسسهي مطبوعاتيي اسماعيليان،$c1349 [1970 or 71]
=947  \\$aCEZ4828
=911  \\$a20000130
=994  \\$aC0$bPUL
=999  \\$a1586251
=979  \\$a(OCoLC)ocn177284269
=852  00$01825961$brcppa$cOversize$hBP183.3$i.K343 1970q$xtr fr nec
=959  \\$a2000-06-13 00:00:00 -0400

