=LDR  01349cam a22003615  4500
=001  1633254
=003  NjP
=005  20190705143729.0
=008  991206s1949\\\\ir\c\\\\\\\\\\000\0\ara\d
=024  7\$aprinceton_aco003939$2local
=040  \\$aPUL$cPUL$dPUL
=035  \\$9CFE4028TS
=035  \\$a(NjP)1633254
=049  \\$aPULL
=035  \\$a(OCoLC)ocm42939233
=100  1\$6880-01$aRashtī, ʻAbd al-Ḥusayn ibn ʻĪsā,$d1875-
=245  00$6880-02$aKashf al-ishtibāh [fī radd Mūsā Jār Allāh]
=260  \\$aTehran,$c1949.
=300  \\$a215 p.$bport.$c22 cm.
=546  \\$aIn Arabic.
=500  \\$a2d ed.
=600  10$6880-03$aTurkistānī, Mūsá Jār Allāh ibn Fāṭimah.$tWashīʻah fī naqd ʻaqāʼid al-Shīʻah.
=650  \0$aShiites.$0http://id.loc.gov/authorities/subjects/sh85121432
=880  1\$6100-01/r$aرشتي، عبد الحسين بن عيسا،$d1875-
=880  00$6245-02/r$aكشف الاشتباه [في رد موسا جار الله]
=880  10$6600-03/r$aتركستاني، موسى جار الله بن فاطمة.$tوشيعة في نقد عقائد الشيعة.
=947  \\$aCFE4028
=911  \\$a20000220
=994  \\$aC0$bPUL
=999  \\$a1633254
=979  \\$a(OCoLC)ocn177517702
=852  00$01883692$brcppa$t0$hBP80.T87$iR374 1949$xtr fr nec
=959  \\$a2000-06-13 00:00:00 -0400

