=LDR  01238cam a2200301Ia 4500
=001  1656164
=003  NjP
=005  20170228174415.0
=008  052790s1961\\\\iq\\\\\\\\\\\\000\0\ara\d
=024  7\$aprinceton_aco004625$2local
=035  \\$a(OCoLC)ocn702671643
=035  \\$9CFG7874TS
=040  \\$aPUL$cPUL
=035  \\$a(OCoLC)702671643
=049  \\$aPULL
=100  1\$6880-01$aQazwīnī, Muḥammad al-Kāẓimī,$d1916 or 17-
=245  13$6880-02$aal-Islām wa-wāqiʻ al-Muslim al-muʻāṣir /$cMuḥammad al-Kāẓimī al-Qazwīnī.
=260  \\$6880-03$aal-Najaf :$bMaṭbaʻat al-Gharī al-Ḥadithah,$c1381 [1961 or 1962]
=300  \\$a120 p. ;$c22 cm.
=650  \0$aIslam$y20th century.$0http://id.loc.gov/authorities/subjects/sh85068392
=880  1\$6100-01/r$aقزويني، محمد الكاظمي،$d1916 or 17-
=880  12$6245-02/r$aالاسلام وواقع المسلم المعاصر /$cمحمد الكاظمي القزويني.
=880  \\$6260-03/r$aالنجف :$bمطبعة الغري الحدثة،$c1381 [1961 or 1962]
=994  \\$aC0$bPUL
=999  \\$a1656164
=902  \\$ajyn$bo$6a$7m$dv$f0$e20110218
=852  80$01909503$brcppa$t0$h2272.83985.349$xtr fr f
=959  \\$a2000-06-13 00:00:00 -0500

