=LDR  00711cam a22002295  4500
=001  1658055
=003  NjP
=005  20100809140256.0
=008  991202s1948\\\\iq\\\\\\\\\\\\000\0\ara\d
=024  7\$aprinceton_aco003183$2local
=035  \\$a(OCoLC)ocm42915415
=035  \\$9CFG9845TS
=040  \\$aPUL$cPUL
=100  1\$aBaḥrānī, Ḥusayn ibn Muḥammad.
=245  03$aal-Fawādiḥ al-Ḥusaynīyah wa-al-qawādiḥ al-baynīyah ...
=260  \\$aal-Najaf,$bal-Maṭ-baʻah al-Ḥaydarīyah$c[1368 [1948 or 9]]
=300  \\$a352 p.$c24 cm.
=546  \\$aIn Arabic.
=947  \\$aCFG9845
=911  \\$a20000220
=852  00$01911753$brcppa$t0$hBP193.13$i.B347 1948$xtr fr nec
=959  \\$a2000-06-13 00:00:00 -0400

