=LDR  01406cam a2200289Ma 4500
=001  1685138
=003  NjP
=005  20170301175114.0
=008  060893s1953\\\\ua\\\\\\\b\\\\001\0\arard
=024  7\$aprinceton_aco004624$2local
=035  \\$a(OCoLC)ocn316086554
=035  \\$a(CStRLIN)RLINGEAC01943980-B
=035  \\$9CFK8270TS
=040  \\$aLGG$cLGG$dNjP
=035  \\$a(OCoLC)316086554
=050  \4$aBP80.S48$bI25 1953a
=100  1\$aIbn Abī Ḥātim, ʻAbd al-Raḥmān ibn Muḥammad,$d854 or 855-938.$0http://id.loc.gov/authorities/names/n85271719
=245  10$aĀdāb al-Shāfiʻī wa-manāqibuh :$bḤadīth wa-fiqh, firāsah wa-ṭibb, tārīkh wa-adab, lughah wa-nasab /$cAbī Muḥammad ʻAbd al-Raḥmān ibn Abī Ḥatim al-Rāzī ; kataba kalimah ʻanhu Muḥammad Zāhid ibn al-Ḥasan al-Kawtharī ; qaddama lahu ; wa-ḥaqqaqa aṣlahu, wa-ʻallaqa ʻalayhi ʻAbd al-Ghanī ʻAbd al-Khāliq.
=260  \\$a[Miṣr] :$bMaktabat Nashr al-Thaqāfah al-Islāmīyah,$c1953.
=300  \\$a388 p. ;$c25 cm.
=504  \\$aIncludes bibliographical references and indexes.
=600  10$aShāfiʻī, Muḥammad ibn Idrīs,$d767 or 768-820$xCriticism and interpretation.
=700  1\$aʻAbd al-Khāliq, ʻAbd al-Ghanī.
=999  \\$a1685138
=902  \\$ase$br$6a$7m$dv$f0$e20110315
=852  8\$01941787$brcppa$t0$h2271.4061.311$xtr fr f
=959  \\$a2000-06-13 00:00:00 -0500

