=LDR  01701cam a2200397 a 4500
=001  1689725
=003  NjP
=005  20190705143748.0
=008  891012s1965\\\\iq\\\\\\\\\\\f000\0\araod
=024  7\$aprinceton_aco004220$2local
=040  \\$aEYM$cPUL$dPUL
=035  \\$9CFL3212TS
=035  \\$a(NjP)1689725
=050  \4$aML 108$b.K24 Suppl.
=049  \\$aPULL
=035  \\$a(OCoLC)ocm23503185
=100  1\$aKazim, A.
=245  13$6880-01$aal-Mustadrak ʻalá kitāb al-Iṣṭilāḥāt al-mūsīqīyah /$ciʻdād Ibrāhīm al-Dāqūqī.
=260  \\$6880-02$aBaghdād :$bWizārat al-Thaqāfah wa-al-Irshād, Mudīrīyat al-Thaqāfah al-ʻĀmmah,$c1965.
=300  \\$a105 p. ;$c24 cm.
=440  \0$6880-03$aSilsilat al-kutub al-mutarjamah ;$vmulḥaq bi-raqm 1
=500  \\$aTitle on added t.p.: Terminology of Oriental music, supplement.
=700  1\$6880-04$aDāqūqī, Ibrāhīm.$etr.
=700  1\$aUz, Kâzım.$tTalim musiki, yahud musiki ıstılahatı.
=740  0\$aTerminology of Oriental music, supplement.
=880  12$6245-01/r$aالمستدرك على كتاب الاصطلاحات الموسيقية /$cاعداد ابراهيم الداقوقي.
=880  \\$6260-02/r$aبغداد :$bوزارة الثقافة والارشاد، مديرية الثقافة العامة،$c1965.
=880  \0$6440-03/r$aسلسلة الكتب المترجمة ؛$vملحق برقم 1
=880  1\$6700-04/r$aداقوقي، ابراهيم.$etr.
=947  \\$aCFL3212
=911  \\$a20000130
=994  \\$aC0$bPUL
=999  \\$a1689725
=979  \\$a(OCoLC)ocn177935443
=852  80$01946814$brcppa$t0$h2070.9365.366.6$xtr fr anxa
=959  \\$a2000-06-13 00:00:00 -0500

