=LDR  01484cam a22002775a 4500
=001  1693773
=003  NjP
=005  20170301181001.0
=008  981229s1969\\\\iq\\\\\\\\\\\\000\0\ara\d
=024  7\$aprinceton_aco003216$2local
=035  \\$a(OCoLC)ocm40553901
=035  \\$9CFL7520TS
=040  \\$aCUD$cCUD$dOCL$dPUL
=100  1\$aQushayrī, ʻAbd al-Karīm ibn Hawāzin,$d986-1072.$0http://id.loc.gov/authorities/names/nr89007559
=245  10$aʾArbaʻ rasāʾil fī ʾal-taṣawwuf /$cli-ʾAbī ʾal-Qāsim ʾal-Qus︠h︡ayrī ; [taḥqīq] Qāsim ʾal-Sāmarrāʾī.
=260  \\$aBag︠h︡dād :$bʾal-Majmaʻ ʾal-ʻIlmī ʾal-ʻIrāqī,$c1969.
=300  \\$a87 p. ;$c25 cm.
=440  \0$aMaṭbūʻāt al-Majmaʻ al-ʻIlmī al-ʻIrāqī
=500  \\$a"Mustall min ʾal-mujalladayn ʾal-sābiʻ ʻas︠h︡ar wa-ʾal-t︠h︡āmin ʻas︠h︡ar min Majallat ʾal-Majmaʻ ʾal-ʻIlmī ʾal-ʻIrāqī".
=505  0\$aKitāb muk︠h︡taṣar fī ʾal-tawbah; Kitāb ʻibārāt ʾal-ṣūfīyah wa-maʻānīhā; Kitāb mant︠h︡ūr ʾal-k︠h︡iṭāb fī mas︠h︡hūr ʾal-ʾabwāb; ʾal-Qaṣīdah ʾal-Ṣūfīyah; Maṣādir ʾal-baḥt︠h︡.
=650  \0$aSufism$vEarly works to 1800.$0http://id.loc.gov/authorities/subjects/sh2008112367
=700  1\$aSāmarrāʾī, Qāsim.
=947  \\$aCFL7520
=911  \\$a20000130
=852  00$01951579$brcppa$t0$hBP189.26$i.Q743 1969$xtr fr nec
=959  \\$a2000-06-13 00:00:00 -0400

