=LDR  00953cam a22002535  4500
=001  1699137
=003  NjP
=005  20170301182310.0
=008  991111s1971\\\\ir\h\\\\\\\\\\000\0\ara\d
=024  7\$aprinceton_aco003899$2local
=035  \\$a(OCoLC)ocm42810716
=035  \\$9CFM3956TS
=040  \\$aPUL$cPUL
=100  1\$aIbn Bābawayh al-Qummī, Muḥammad ibn ʻAlī,$d918 or 919-991 or 992.$0http://id.loc.gov/authorities/names/nr90021741
=245  10$aThawāb al-aʻmāl.$cṢaḥḥaḥahu wa-ʻallaqa ʻalayhi ʻAlī Akbar al-Ghaffārī.
=260  \\$aTehran,$bMaktabat al-Ṣadūq,$c1391 [1971]
=300  \\$a371 p.$bfacsims.$c25 cm.
=546  \\$aIn Arabic.
=650  \0$aReligious life$xIslam.$0http://id.loc.gov/authorities/subjects/sh85112674
=700  1\$aGhaffārī, ʻAlī Akbar,$eeditor.
=947  \\$aCFM3956
=911  \\$a20000130
=852  00$01957582$brcppa$t0$hBP135.8.R4$iI263 1971$xtr fr nec
=959  \\$a2000-06-13 00:00:00 -0400

