=LDR  00797cam a2200253   4500
=001  1702172
=003  NjP
=005  20100809142129.0
=008  930910s1963\\\\sy\\\\\\\\\\\\000\0\ararc
=024  7\$aprinceton_aco003836$2local
=010  \\$ane 65000264  
=035  \\$a(OCoLC)ocm28797310
=035  \\$9CFM7518TS
=040  \\$aPrinceton Univ. Libr.$cCUY$dPUL
=100  1\$aṢāliḥ, Ṣubḥī.
=245  10$aʻUlūm al ḥadīth, wa-muṣṭalaḥuhu :$bʻarḍ wa-dirāsah /$ctalif Subḥī al-Ṣāliḥ.
=250  \\$aal-Ṭabʻah 2.
=260  \\$aDimashq :$bMaṭbaʻat Jāmiʻat Dimashq,$c1963
=300  \\$a328 p. ;$c25 cm.
=650  \0$aHadith.
=947  \\$aCFM7518
=911  \\$a20000130
=852  00$01960845$brcppa$t0$hBP135$i.S255 1963$xtr fr nec
=959  \\$a2000-06-13 00:00:00 -0400

