=LDR  00722cam a22002295  4500
=001  1773070
=003  NjP
=005  20170313165053.0
=008  991207s1953\\\\sy\a\\\\\\\\\\000\0\ara\d
=024  7\$aprinceton_aco002327$2local
=035  \\$a(OCoLC)ocm42943900
=035  \\$9CFY4615TS
=040  \\$aPUL$cPUL
=100  1\$aMaṭarī, Muḥammad ibn Aḥmad,$d1272-1340.$0http://id.loc.gov/authorities/names/n84220643
=245  13$aal-Taʻrīf bi-mā ānasat al-hijrah min maʻālim dār al-hijrah.
=260  \\$a[Damascus,$c1372 [1953]]
=300  \\$a85 p.$billus.$c24 cm.
=546  \\$aIn Arabic.
=947  \\$aCFY4615
=911  \\$a20000220
=852  00$02036280$bnec$t0$hDS248.M5$iM383 1953
=959  \\$a2000-06-13 00:00:00 -0400

