=LDR  00876cam a22002535  4500
=001  1775635
=003  NjP
=005  20170313165950.0
=008  991124s1968\\\\iq\\\\\\\\\\\\000\0cara\d
=024  7\$aprinceton_aco003812$2local
=035  \\$a(OCoLC)ocm42882144
=035  \\$9CFY7274TS
=040  \\$aPUL$cPUL
=100  1\$aKammūnah, Ḥaydar ʻAbd al-Razzāq.
=245  10$aMashāhid al-ʻitrah al-ṭāhirah wa-aʻyān al-ṣaḥābah wa-al-tābiʻīn.
=260  \\$aal-Najaf,$bMaṭbaʻat al-Ādāb,$c1968.
=300  \\$a304 p.$c25 cm.
=546  \\$aIn Arabic.
=650  \0$aMuslims$vBiography.$0http://id.loc.gov/authorities/subjects/sh2008108148
=650  \0$aIslamic shrines.$0http://id.loc.gov/authorities/subjects/sh85068485
=947  \\$aCFY7274
=911  \\$a20000130
=852  00$02039016$brcppa$t0$hBP187$i.K366 1968$xtr fr nec
=959  \\$a2000-06-13 00:00:00 -0400

