=LDR  01504cam a2200361 a 4500
=001  1789318
=003  NjP
=005  20190911132800.0
=008  980529s1924\\\\ua\\\\\\\d\\\\000\0\ara\d
=024  7\$aprinceton_aco004295$2local
=010  \\$ane 63000852  
=035  \\$a(CStRLIN)NJPG98-B33827
=035  \\$9CGA2406TS
=040  \\$cCarP$dNjP
=041  0\$aaraeng
=050  0\$aPJ6640$b.E614 1924
=035  \\$a(OCoLC)ocm39833572
=100  1\$aElias, Elias A.$q(Elias Antoon)$0http://id.loc.gov/authorities/names/n85801206
=245  10$aQāmūs al-jayb, Inkilīzī wa-ʻArabī /$ctaʾlīf Ilyās Anṭūn Ilyās =bElias' Pocket dictionary, English-Arabic / by Elias A. Elias.
=246  15$aQāmūs al-jayb, ʻArabī wa-Inkilīzī
=246  31$aElias' Pocket dictionary, English-Arabic
=246  3\$aElias' Pocket dictionary, Arabic-English
=246  3\$aPocket dictionary, English-Arabic
=246  3\$aPocket dictionary, Arabic-English
=260  \\$aMiṣr :$bal-Maṭbaʻah al-ʻAṣrīyah,$c[1924]
=300  \\$a2 v. in 1.$c14 cm.
=650  \0$aEnglish language$xDictionaries$xArabic.$0http://id.loc.gov/authorities/subjects/sh2008102611
=650  \0$aArabic language$xDictionaries$xEnglish.$0http://id.loc.gov/authorities/subjects/sh2007101221
=998  \\$a05/29/98$s9115$nNjP$wMIUGAFF3791B$d05/29/98$cRS$bRS$i980529$lNJPG
=911  \\$a19980604
=912  \\$a19980529000000.0
=852  00$02053542$brcppa$t1$hPJ6640$i.E614 1924s$xtr fr anxa
=959  \\$a2000-06-13 00:00:00 -0500

