=LDR  01685cam a2200409 a 4500
=001  182018
=003  NjP
=005  20171005103932.0
=008  830126s1946\\\\ua\\\\\\\\\\\\000\0\ara\d
=024  7\$aprinceton_aco002797$2local
=035  \\$a(OCoLC)ocn175346034
=040  \\$aNjP$cPUL$dPUL
=035  \\$a(OCoLC)175346034
=035  \\$a(CStRLIN)NJPG83-B6881
=035  \\$9AAZ6920TS
=035  \\$a(NjP)182018
=041  1\$aara$hger
=079  \\$aocm27983348
=049  \\$aPULL
=100  1\$aGoethe, Johann Wolfgang von,$d1749-1832.$0http://id.loc.gov/authorities/names/n79003362
=240  10$aIphigenie.$lArabic
=245  10$6880-01$aīfīchīnīya ; Igmunt /$cJūytih = Goethe ; tarjimahumā ʻan al-Almānīyah Maḥmūd Ibrāhīm al-Disūqī.
=260  \\$6880-02$aal-Qāhirah :$bMaktabat al-Nahḍah al-Miṣrīyah,$c1946.
=300  \\$a8, 165 p. ;$c24 cm.
=700  1\$6880-03$aDisūqī, Maḥmūd Ibrāhīm.
=700  12$aGoethe, Johann Wolfgang von,$d1749-1832.$tEgmont.$lArabic.$f1946.$0http://id.loc.gov/authorities/names/n79003362
=740  0\$aIgmunt.
=880  10$6245-01/r$aايفيچيني ؛ اگمنت /$cجويته = گث ؛ ترجمهما عن الالمانية محمود ابراهيم الدسوقي.
=880  \\$6260-02/r$aالقاهرة :$bمكتبة النهضة المصرية،$c1946.
=880  1\$6700-03/r$aدسوقي، محمود ابراهيم.
=998  \\$a04/13/93$s9114$nNjP$wNJPG83B6881$d01/26/83$cJCB$bDRT$i930413$lNJPG
=911  \\$a19930422
=912  \\$a19930413000000.0
=994  \\$aC0$bPUL
=999  \\$a182018
=852  00$0200510$brcppa$t1$hPT2034.A7$iI412$xtr fr arab
=959  \\$a2000-06-13 00:00:00 -0500

