=LDR  02145cam a2200421 a 4500
=001  198963
=003  NjP
=005  20171009075445.0
=008  831227m19759999ir\\\\\\\b\\\\000\0\ara\d
=024  7\$aprinceton_aco003238$2local
=035  \\$a(OCoLC)ocn175456201
=035  \\$a(OCoLC)23932229
=040  \\$aNjP$cPUL$dPUL
=035  \\$a(OCoLC)175456201
=035  \\$a(CStRLIN)NJPG83-B85591
=035  \\$9ABB3901TS
=035  \\$a(NjP)198963
=079  \\$aocm23932229
=049  \\$aPULL
=100  1\$6880-01$aPūr al-Shahriḍāʼī, Muḥammad ʻAlī al-Ismāʻīl.
=245  10$6880-02$aMajmaʻ al-afkār wa-maṭraḥ al-anẓār :$btaqrīrāt baḥth al-uṣūl li-shaykh al-fuqahāʼ wa-al-mujtahidīn Āyat Allāh al-ʻUẓmá al-Ḥājj Mīrzā Hāshim al-Āmilī al-Najafī, madda ẓillahu al-ʻālī /$ctaʼlīf Muḥammad ʻAlī al-Ismāʻīl Pūr al-Shahriḍāʼī.
=260  \\$6880-03$a[Iran] :$bM.ʻA. al-I. Pūr al-Shahriḍāʼī,$c1395- [1975- ]
=300  \\$av. ;$c25 cm.
=504  \\$aIncludes bibliographical references.
=650  \0$aIslam$xCustoms and practices.$0http://id.loc.gov/authorities/subjects/sh87005732
=650  \0$6880-04$aShīʻah.$0http://id.loc.gov/authorities/subjects/sh85121390
=880  1\$6100-01/r$aپور الشهرضائي، محمد علي الاسماعيل.
=880  10$6245-02/r$aمجمع الافكار ومطرح الانظار :$bتقريرات بحث الاصول لشيخ الفقهاء والمجتهدين آية الله العظمى الحاج ميرزا هاشم الاملي النجفي، مد ظله العالي /$cتأليف محمد علي الاسماعيل پور الشهرضائي.
=880  \\$6260-03/r$a[ايران] :$bم.ع. الا. پور الشهرضائي،$c1395- [1975- ]
=880  \0$6650-04/r$aشيعة.
=998  \\$a06/11/93$s9118$nNjP$wNJPG83B85591$d12/27/83$cJEB$bJEB$i930611$lNJPG
=911  \\$a19930617
=912  \\$a19930611000000.0
=994  \\$aC0$bPUL
=999  \\$a198963
=852  01$0218769$brcppa$t1$hBP174$i.P872$xtr fr arab
=866  \0$0218769$80$ajuzʾ 1-5
=959  \\$a2000-06-13 00:00:00 -0400

