=LDR  01904cam a2200469 a 4500
=001  198971
=003  NjP
=005  20170605130252.0
=008  831227m19611971iq\\\\\\\\\\\\000\0\ara\d
=024  7\$aprinceton_aco003228$2local
=035  \\$a(OCoLC)81869455
=035  \\$a(OCoLC)ocn175456263
=035  \\$a(OCoLC)175456263
=035  \\$a(CStRLIN)NJPG83-B85599
=035  \\$9ABB3909TS
=035  \\$a(NjP)198971
=040  \\$aNjP$cPUL$dPUL
=043  \\$aa-su---
=049  \\$aPULL
=079  \\$aocm81869455
=100  1\$6880-01$aShāhrūdī, Maḥmūd al-Ḥusaynī.
=245  10$6880-02$aKitāb al-ḥajj :$btaqrīr baḥth /$cMaḥmūd al-Ḥusaynī al-Shāhrūdī ; taʼlīf Muḥammad Ibrāhīm al-Jannātī.
=250  \\$6880-03$aal-Ṭabʻah 2
=260  \\$6880-04$aal-Najaf :$bMaṭbaʻat al-Qaḍāʼ,$c1381-1391 [1961 or 1962-1971 or 1972]
=300  \\$a5 v. ;$c26 cm..
=650  \0$aMuslim pilgrims and pilgrimages$zSaudi Arabia$zMecca.$0http://id.loc.gov/authorities/subjects/sh85089072
=700  1\$6880-05$aJannātī, Muḥammad Ibrāhīm.
=740  0\$6880-06$aḤajj.
=880  1\$6100-01/r$aشاهرودي، محمود الحسيني.
=880  10$6245-02/r$aكتاب الحج :$bتقرير بحث /$cمحمود الحسيني الشاهرودي ؛ تأليف محمد ابراهيم الجناتي.
=880  \\$6250-03/r$aالطبعة 2
=880  \\$6260-04/r$aالنجف :$bمطبعة القضاء،]$c1381-1391 [1961 or 1962-1971 or 1972
=880  1\$6700-05/r$aجناتي، محمد ابراهيم.
=880  0\$6740-06/r$aحج.
=998  \\$a08/13/87$s9118$nNjP$wNJPG83B85599$d12/27/83$cJCB$bCS$i870813$lNJPG
=911  \\$a19921028
=912  \\$a19900822000000.0
=994  \\$aC0$bPUL
=999  \\$a198971
=852  00$0218777$brcppa$t1$hBP187.3$i.S43 1961$xtr fr arab
=866  \0$0218777$ajuz' 1-5
=959  \\$a2000-06-13 00:00:00 -0400

