=LDR  01066cam a2200301 a 4500
=001  2135136
=003  NjP
=005  20170531175752.0
=008  990107s1990\\\\ir\\\\\\\b\\\\000\0\ara\c
=024  7\$aprinceton_aco003094$2local
=035  \\$a(OCoLC)40728994
=035  \\$a(CStRLIN)NJPG99-B1055
=035  \\$9CJM9676TS
=040  \\$aNjP$cNjP
=042  \\$apcc
=050  \4$aBP184.4$b.Q329 1990
=100  1\$aQudayrī, Muḥammad Ḥasan.
=245  13$aal-Tayammum /$ctaʾlīf Muḥammad Ḥasan Qudayrī.
=250  \\$aChāp-i 1.
=260  \\$a[Iran] :$bIntishārāt-i Usvah vābastah bih Sāzmān-i Ḥājj va Awqāf va Umūr-i Khayrīyah,$c1369 [1990 or 1991]
=300  \\$a194 p. ;$c24 cm.
=504  \\$aIncludes bibliographical references.
=650  \0$aPurity, Ritual$xIslam.$0http://id.loc.gov/authorities/subjects/sh85109199
=998  \\$a01/07/99$s9114$nNjP$d01/07/99$cJEB$bJEB$i990107$lNJPG
=911  \\$a19990114
=912  \\$a19990107000000.0
=852  00$02419988$brcppa$t1$hBP184.4$i.Q329 1990$xtr fr anxa
=959  \\$a2000-06-13 00:00:00 -0500

