=LDR  02275cam a2200445 a 4500
=001  214905
=003  NjP
=005  20171009080626.0
=008  840113m19759999ir\\\\\\\b\\\\000\0\ara\d
=024  7\$aprinceton_aco003289$2local
=035  \\$a(OCoLC)ocn175588845
=035  \\$a(OCoLC)122704253
=040  \\$aNjP$cPUL$dPUL
=035  \\$a(OCoLC)175588845
=035  \\$a(CStRLIN)NJPG84-B2206
=035  \\$9ABC9894TS
=035  \\$a(NjP)214905
=079  \\$aocn122704253
=049  \\$aPULL
=100  1\$6880-01$aMīlānī, Muḥammad Hādī al-Ḥusaynī,$d1895-1975.$0http://id.loc.gov/authorities/names/n84196851
=245  10$6880-02$aMuḥāḍarāt fī fiqh al-imāmīyah /$cli-marjiʻ al-ṭāʼifah Muḥammad Hādī al-Mīlānī : jamaʻahā wa-ʻallaqa ʻalayhā Fāḍil al-Ḥusaynī al-Mīlānī.
=260  \\$6880-03$a[Mashhad] :$bDānishgāh-i Firdawsī,$c1396- [1975- ]
=300  \\$av. ;$c24 cm.
=504  \\$aIncludes bibliographical references.
=505  1\$6880-04$aqism 1-2. Kitāb al-Zakāh -- qism 3. Kitāb al-Ṣalāh, (ṣalāt al-musāfir) -- qism 4. Kitāb al-Khums -- qism 5. Kitāb al-baiʼ.
=650  \0$aIslamic law$xInterpretation and construction.$0http://id.loc.gov/authorities/subjects/sh85068455
=700  1\$6880-05$aMīlānī, Fāḍil al-Ḥusaynī.
=880  1\$6100-01/r$aميلاني، محمد هادي الحسيني،$d1895-1975.
=880  10$6245-02/r$aمحاضرات في فقه الامامية /$cلمرجع الطائفة محمد هادي الميلاني : جمعها وعلق عليها فاضل الحسيني الميلاني.
=880  \\$6260-03/r$a[مشهد] :$bدانشگاها فردوسي،$c1396- [1975- ]
=880  1\$6505-04/r$aقسم 1-2. كتاب الزكاه -- قسم 3. كتاب الصلاه، (صلاة المسافر) -- قسم 4. كتاب الخمس -- قسم 5. كتاب البئ.
=880  1\$6700-05/r$aميلاني، فاضل الحسيني.
=998  \\$a04/19/90$s9118$nNjP$wNJPG84B2206$d01/13/84$cJAB$bJAB$i900419$lNJPG
=911  \\$a19921028
=912  \\$a19950612054813.0
=994  \\$aC0$bPUL
=999  \\$a214905
=852  81$0235963$brcppa$t1$hKBL$i.M54$xtr fr arab
=866  \0$0235963$80$aqism 1-4
=959  \\$a2000-06-13 00:00:00 -0400

