=LDR  02017cam a2200445 a 4500
=001  224339
=003  NjP
=005  20171009081237.0
=008  840118m19701982ir\\\\\\\\\\\\000\0\ara\d
=024  7\$aprinceton_aco003223$2local
=035  \\$a(OCoLC)ocn175666365
=035  \\$a(OCoLC)80636825
=040  \\$aNjP$cPUL$dPUL
=066  \\$c(3
=035  \\$a(OCoLC)175666365
=035  \\$a(CStRLIN)NJPG84-B3169
=035  \\$9ABD9365TS
=035  \\$a(NjP)224339
=079  \\$aocm80636825
=049  \\$aPULL
=100  1\$6880-01$aShīrāzī, Muḥammad al-Mahdī al-Ḥusaynī.
=245  10$6880-02$aTawḍīḥ Nahj al-balāghah /$ctaʼlīf Āyat Allāh Muḥammad al-Ḥusaynī al-Shīrāzī.
=260  \\$6880-03$aṬihrān :$bDār Turāth al-Shīʻah,$c[197-?-1982?]
=300  \\$a4 v. ;$c24 cm.
=500  \\$aIncludes fully vocalized text of Nahj al-balāghah.
=600  10$aSharīf al-Raḍī, Muḥammad ibn al-Ḥusayn,$d969 or 970-1016.$tNahj al-balāghah.$0http://id.loc.gov/authorities/names/n2016026693
=600  00$aʻAlī ibn Abī Ṭālib,$cCaliph,$dapproximately 600-661$xHadith.
=700  12$6880-04$aSharīf al-Raḍī, Muḥammad ibn al-Ḥusayn,$d969 or 970-1016.$tNahj al-balāghah.$0http://id.loc.gov/authorities/names/n80001372
=880  1\$6100-01/(3/r$aشيرازي، محمد المهدي الحسيني.
=880  10$6245-02/(3/r$aتوضيح نهج البلاغة /$cتأليف آية الله محمد الحسيني الشيرازي.
=880  \\$6260-03/(3/r$aطهران :$bدار تراث الشيعة،$c[197-؟1982؟]
=880  12$6700-04/(3/r$aشريف الرضي، محمد بن الحسين،$d969 or 970-1016.$tنهج البلاغة.
=998  \\$a04/16/85$s9114$nNjP$wNJPG84B3169$d01/18/84$cSSH$bCK$i850416$lNJPG
=911  \\$a19921028
=912  \\$a19900822000000.0
=994  \\$aC0$bPUL
=999  \\$a224339
=852  00$0246185$brcppa$t1$hBP193.1.S54$iT39$xtr fr arab
=866  \0$0246185$aJuz' 1-4
=959  \\$a2005-08-18 09:05:57 -0400

