=LDR  01986cam a2200493 a 4500
=001  240350
=003  NjP
=005  20170905101835.0
=008  840126m19819999ir\\\\\\\b\\\f000\0\arard
=024  7\$aprinceton_aco002766$2local
=010  \\$a   85193633 
=035  \\$a(OCoLC)ocn175799469
=035  \\$a(OCoLC)78202280
=035  \\$a240350
=040  \\$aPUL$cPUL$dPUL
=066  \\$c(3
=035  \\$a(OCoLC)175799469
=035  \\$a(CStRLIN)NJPG84-B4827
=035  \\$9ABF5432TS
=035  \\$a(NjP)240350
=043  \\$aa-iq---$aa-ir---
=050  0\$aDS318.85$b.S23 1983
=079  \\$aocm78202280
=049  \\$aPULL
=245  00$6880-01$aṢadá al-ḥarb :$bmuqtaṭafāt mimmā katabatʹhu al-ṣihāfah al-ʻālamīyah wa-al-ʻArabīyah ʻan al-ḥarb al-dāʼirah bayna al-ʻIrāq wa-Īrān.
=250  \\$6880-02$aal-Ṭabʻah 1.
=260  \\$6880-03$aṬahrān :$bJumhūrīyat Īrān al-Islāmīyah, wizārat al-Irshād al-Islāmī,$c1402 [1981]- >
=300  \\$av. ;$c21 cm.
=504  \\$aIncludes bibliographical references.
=500  \\$aSubtitle varies.
=650  \0$aIran-Iraq War, 1980-1988.$0http://id.loc.gov/authorities/subjects/sh85067954
=650  \0$aIran-Iraq War, 1980-1988$xPublic opinion.
=880  00$6245-01/(3/r$aصدى الحرب :$bمقتطفات مما كتبته الصهافة العالمية والعربية عن الحرب الدائرة بين العراق وايران.
=880  \\$6250-02/(3/r$aالطبعة 1.
=880  \\$6260-03/(3/r$aطهران :$bجمهورية ايران الاسلامية، وزارة الارشاد الاسلامي،$c1402 [1981] >
=998  \\$a01/28/93$s9110$nNjP$wNJPG84B4827$d01/26/84$cDGH$bNBS$i930128$lNJPG
=911  \\$a19930209
=912  \\$a19930128000000.0
=994  \\$aC0$bPUL
=999  \\$a240350
=852  01$0263386$bnec$t1$hDS318.85$i.S23 1981
=866  \0$0263386$80$akitāb 2-4
=866  \0$0263386$80$xADD AS: kitāb
=959  \\$a2000-06-13 00:00:00 -0500

