=LDR  01380cam a2200361 a 4500
=001  240519
=003  NjP
=005  20171009082301.0
=008  840831s1981\\\\ir\\\\\\\\\\\\000\0\ara\d
=024  7\$aprinceton_aco002753$2local
=035  \\$a(OCoLC)ocn175800810
=040  \\$aNjP$cPUL$dPUL
=035  \\$a(OCoLC)175800810
=035  \\$a(CStRLIN)NJPG84-B48432
=035  \\$9ABF5602TS
=035  \\$a(NjP)240519
=079  \\$aocm81181360
=049  \\$aPULL
=100  1\$6880-01$aMalakī, Muḥammad Bāqir.
=245  10$6880-02$aBadāʼiʻ al-kalām fī tafsīr āyāt al-aḥkām /$ctaʼlīf Muḥammad Bāqir al-Malakī.
=260  \\$6880-03$aQum :$bal-Maṭbaʻah al-ʻIlmīyah,$c1981.
=300  \\$a367 p. ;$c23 cm.
=630  00$aQurʼan$xCriticism, interpretation, etc.$0http://id.loc.gov/authorities/subjects/sh85072959
=880  1\$6100-01/r$aملكي، محمد باقر.
=880  10$6245-02/r$aبدائع الكلام في تفسير آيات الاحكام /$cتأليف محمد باقر الملكي.
=880  \\$6260-03/r$aقم :$bالمطبعة العلمية،$c1981.
=998  \\$a10/21/86$s9118$nNjP$wNJPG84B48432$d08/31/84$cJCB$bJCB$i861021$lNJPG
=911  \\$a19921028
=912  \\$a19900822000000.0
=994  \\$aC0$bPUL
=999  \\$a240519
=852  00$0263558$brcppa$t1$hBP130.4$i.M34 1981$xtr fr arab
=959  \\$a2000-06-13 00:00:00 -0500

