=LDR  01568cam a2200385 a 4500
=001  241037
=003  NjP
=005  20171009082323.0
=008  840905s1983\\\\ir\\\\\\\\\\\\000\0\ara\d
=024  7\$aprinceton_aco003468$2local
=035  \\$a(OCoLC)ocn175805067
=035  \\$a(OCoLC)33922897
=040  \\$aNjP$cPUL$dPUL
=066  \\$c(3
=035  \\$a(OCoLC)175805067
=035  \\$a(CStRLIN)NJPG84-B48967
=035  \\$9ABF6122TS
=035  \\$a(NjP)241037
=079  \\$aocm33922897
=049  \\$aPULL
=100  1\$6880-01$aShubbar, ʻAbd Allāh ibn Muḥammad Riḍā,$d1774 or 1775-1826 or 1827.$0http://id.loc.gov/authorities/names/n84028208
=245  13$6880-02$aal-Uṣūl al-aṣlīyah wa-al-qawāʻid al-sharʻīyah /$ctaʼlīf ʻAbd Allāh Shubbar.
=260  \\$6880-03$aQum :$bMaktabat al-Mufīd,$c1404 [1983 or 1984]
=300  \\$a331 p. ;$c24 cm.
=650  \0$aIslamic law$xInterpretation and construction.$0http://id.loc.gov/authorities/subjects/sh85068455
=880  1\$6100-01/(3/r$aشبر، عبد الله بن محمد رضا،$d1774 or 1775-1826 or 1827.
=880  12$6245-02/(3/r$aالاصول الاصلية والقواعد الشرعية /$cتأليف عبد الله شبر.
=880  \\$6260-03/(3/r$aقم :$bمكتبة المفيد،$c1404 [1983 or 1984]
=998  \\$a06/26/87$s9118$nNjP$wNJPG84B48967$d09/05/84$cDGH$bDGH$i870626$lNJPG
=911  \\$a19921028
=912  \\$a19900822000000.0
=994  \\$aC0$bPUL
=999  \\$a241037
=852  80$0264099$brcppa$t1$hKBL$i.S582$xtr fr arab
=959  \\$a2000-06-13 00:00:00 -0400

