=LDR  02253cam a22004455a 4500
=001  2423944
=003  NjP
=005  20190705144223.0
=008  990127s1906\\\\ua\\\\\\\\\\\\000\0\ara\d
=024  7\$aprinceton_aco004435$2local
=040  \\$aCUD$cPUL$dPUL
=035  \\$9CLH8916TS
=035  \\$a(NjP)2423944
=049  \\$aPULL
=035  \\$a(OCoLC)ocm40686306
=100  1\$6880-01$aSubkī, Tāj al-Dīn ʻAbd al-Wahhāb ibn ʻAlī,$dapproximately 1327-1370.$0http://id.loc.gov/authorities/names/n84020872
=240  10$6880-02$aṬabaqāt al-Shāfiʻīyah al-kubrá
=245  13$6880-03$aal-juzʼ al-awwal[-al-sādis] min Ṭabaqāt al-Shāfiʻīyah al-kubrá /$cli-Tāj al-Dīn Abī Naṣr ʻAbd al-Wahhāb ibn Taqī al-Dīn al-Subkī.
=250  \\$6880-04$aal-Ṭabʻah 1
=260  \\$6880-05$aMiṣr :$bal-Maṭbaʻah al-Ḥusaynīyah,$c1906.
=300  \\$a6 v. ;$c24 cm.
=500  \\$6880-06$a"Ṭubiʻa ʻalá nafaqat multazimihi ḥaḍrat al-Sharīf Mawlāy Aḥmad ibn ʻAbd al-Karīm al-Qādirī al-Ḥusnī al-Maghribī al-Fāsī"--T.p.
=650  \0$aShafiites$vBiography$vEarly works to 1800.
=856  4\$uhttp://catalog.hathitrust.org/Record/008919238
=880  1\$6100-01/r$aسبكي، تاج الدين عبد الوهاب بن علي،$d. 1327-1370.
=880  10$6240-02/r$aطبقات الشافعية الكبرى
=880  12$6245-03/r$aالجزء الاول[السادس] من طبقات الشافعية الكبرى /$cلتاج الدين ابي نصر عبد الوهاب بن تقي الدين السبكي.
=880  \\$6250-04/r$aالطبعة 1
=880  \\$6260-05/r$aمصر :$bالمطبعة الحسينية،$c1906.
=880  \\$6500-06/r$a"طبع على نفقة ملتزمه حضرة الشريف مولاي احمد بن عبد الكريم القادري الحسني المغربي الفاسي"ت.پ.
=911  \\$a19990709
=994  \\$aC0$bPUL
=999  \\$a2423944
=979  \\$a(OCoLC)ocn178167238
=852  81$02720003$brcppa$t1$h2262.1147.389$xtr fr anxa
=866  \0$02720003$80$av.1-6
=852  80$03541903$brcppf$hMICROFILM 02717$xtr fr flm
=866  \0$03541903$av. 1-6
=852  8\$08730760$belf1$hElectronic Resource
=959  \\$a2000-06-08 00:00:00 -0500

