=LDR  01774cam a2200397 a 4500
=001  2429250
=003  NjP
=005  20190705144238.0
=008  961030s1958\\\\sy\\\\\\\b\\\\000\0\ara\d
=024  7\$aprinceton_aco004123$2local
=040  \\$aMH$cPUL$dPUL
=035  \\$a(CStRLIN)MAHGBIZ36463-B
=035  \\$9CLJ4421TS
=035  \\$a(NjP)2429250
=043  \\$aa-le---$aa-sy---
=049  \\$aPULL
=035  \\$a(OCoLC)ocm47925466
=100  1\$6880-01$aMursī, Fuʼād,$d1925-1990.$0http://id.loc.gov/authorities/names/n81056914
=245  10$6880-02$aMuḥāḍarāt ʻan al-nuqūd wa-al-bunūk fī al-bilād al-ʻArabīyah :$bSūriyā wa-Lubnān /$calqāhā Fuʼād Mursī.
=246  1\$6880-03$iTitle on half-t.p.:$aNuqūd wa-al-bunūk fī al-bilād al-ʻArabīyah
=260  \\$6880-04$a[Cairo] :$bJāmiʻat al-Duwal al-ʻArabīyah, Maʻhad al-Dirāsāt al-ʻĀlīyah,$c1958.
=300  \\$a88 p. ;$c24 cm.
=504  \\$aIncludes bibliographical references.
=650  \0$aBanks and banking$zSyria.
=650  \0$aBanks and banking$zLebanon.
=650  \0$aMoney$zSyria.
=650  \0$aMoney$zLebanon.
=880  1\$6100-01/r$aمرسي، فؤاد،$d1925-1990.
=880  10$6245-02/r$aمحاضرات عن النقود والبنوك في البلاد العربية :$bسوريا ولبنان /$cالقاها فؤاد مرسي.
=880  1\$6246-03/r$iTitle on half-t.p.:$aنقود والبنوك في البلاد العربية
=880  \\$6260-04/r$a[القاهرة] :$bجامعة الدول العربية، معهد الدراسات العالية،$c1958.
=994  \\$aC0$bPUL
=999  \\$a2429250
=979  \\$a(OCoLC)ocn178234089
=852  0\$02725462$brcppa$hHG3258.A6$iM877 1958$xtr fr anxa
=959  \\$a2000-06-13 00:00:00 -0400

