=LDR  01910cam a2200457 a 4500
=001  2433348
=003  NjP
=005  20170816170205.0
=008  990722s1982\\\\ir\\\\\\\b\\\\000\0\ara\d
=024  7\$aprinceton_aco002976$2local
=035  \\$a(OCoLC)42037194
=035  \\$a(OCoLC)ocn178284402
=035  \\$a(OCoLC)178284402
=035  \\$a(CStRLIN)NJPG99-B38082
=035  \\$9CLJ8705TS
=035  \\$a(NjP)2433348
=040  \\$aNjP$cPUL$dPUL
=043  \\$aa-su---
=049  \\$aPULL
=079  \\$aocm42037194
=100  1\$6880-01$aJannātī, Muḥammad Ibrāhīm.
=245  10$6880-02$aKaffārāt al-iḥrām /$ctaʼlīf Muḥammad Ibrāhīm al-Jannātī.
=250  \\$6880-03$aal-Ṭabʻah 1.
=260  \\$6880-04$a[Iran] :$bM.I. al-Jannātī,$c1402 [1982]
=300  \\$a271 p. ;$c24 cm.
=500  \\$aIncludes hadith extracted from Wasāʼil al-Shīʻah.
=504  \\$aIncludes bibliographical references.
=650  \0$aMuslim pilgrims and pilgrimages$zSaudi Arabia$zMecca.$0http://id.loc.gov/authorities/subjects/sh85089072
=700  12$6880-05$aḤurr al-ʻĀmilī, Muḥammad ibn al-Ḥasan,$d1624-1693.$tWasāʼil al-Shīʻah.$kSelections.$0http://id.loc.gov/authorities/names/n85331643
=880  1\$6100-01/r$aجناتي، محمد ابراهيم.
=880  10$6245-02/r$aكفارات الاحرام /$cتأليف محمد ابراهيم الجناتي.
=880  \\$6250-03/r$aالطبعة 1.
=880  \\$6260-04/r$a[ايران] :$bم.ا. الجناتي،$c1402 [1982]
=880  12$6700-05/r$aحر العاملي، محمد بن الحسن،$d16241693.$tوسائل الشيعة.$kSelections.
=998  \\$a07/22/99$s9114$nNjP$d07/22/99$cJEB$bJEB$i990722$lNJPG
=911  \\$a19990729
=912  \\$a19990722000000.0
=994  \\$aC0$bPUL
=999  \\$a2433348
=852  00$02729674$brcppa$t1$hBP187.3$i.J366 1982$xtr fr arab
=959  \\$a2000-06-13 00:00:00 -0500

