=LDR  01539cam a2200385 a 4500
=001  2435230
=003  NjP
=005  20190705144255.0
=008  990727s1941\\\\le\\\\\\\\\\\\000\0\ara\d
=024  7\$aprinceton_aco004470$2local
=035  \\$a(CStRLIN)NJPG99-B38639
=035  \\$9CLK0655TS
=035  \\$a(NjP)2435230
=040  \\$aNjP$cPUL$dPUL
=049  \\$aPULL
=035  \\$a(OCoLC)ocm42036097
=100  0\$6880-01$aJarīr ibn ʻAṭīyah,$d-728?$0http://id.loc.gov/authorities/names/n82232336
=245  10$6880-02$aMadḥ wa-ghazal wa-rithāʼ /$cJarīr ; dars wa-muntakhabāt bi-qalam Fuʼād Afrām al-Bustānī.
=260  \\$6880-03$aBayrūt :$bal-Maṭbaʻah al-Kāthūlīkīyah,$c1941.
=300  \\$a14, 47 p. ;$c20 cm.
=440  \3$6880-04$aal-Rawāʼiʻ ;$v39
=700  1\$6880-05$aBustānī, Fuʼād Afrām.
=880  0\$6100-01/r$aجرير بن عطية،$dd. 728؟
=880  10$6245-02/r$aمدح وغزل ورثاء /$cجرير ؛ درس ومنتخبات بقلم فؤاد افرام البستاني.
=880  \\$6260-03/r$aبيروت :$bالمطبعة الكاثوليكية،$c1941.
=880  \3$6440-04/r$aالروائع ؛$v39
=880  1\$6700-05/r$aبستاني، فؤاد افرام.
=998  \\$a07/27/99$s9114$nNjP$d07/27/99$cJEB$bJEB$i990727$lNJPG
=911  \\$a19990812
=912  \\$a19990727000000.0
=994  \\$aC0$bPUL
=999  \\$a2435230
=979  \\$a(OCoLC)ocn178306564
=852  80$02731640$brcppa$t1$h2271.50545.361 1941$xtr fr anxa
=959  \\$a2000-06-13 00:00:00 -0500

