=LDR  01119cam a2200301   4500
=001  2534038
=003  NjP
=005  20170830172426.0
=008  900926s1954\\\\ly\\\\\\\\\\\f000\0\arar\
=024  7\$aprinceton_aco003630$2local
=010  \\$a   59054773  
=035  \\$a(OCoLC)ocm22438981
=035  \\$9CLY0422TS
=040  \\$aDLC$cWAU$dPUL
=043  \\$af-ly---
=110  1\$aLibya.$kLaws, statutes, etc.$0http://id.loc.gov/authorities/names/n79066419
=245  00$aQānūn al-murāfaʻāt al-madanīyah wa-al-tijārīyah wa-qānūn nizām al-qaḍā;$bal-Jarīdah al-Rasmīyah lil-Mamlakaḥ al-Lībīyah al-Muttaḥidah.
=250  \\$aʻAdad khāṣṣ,$bnushirat bi-amr Wazīr al-ʻAdl bi-tārīkh 20 Fibrāyir 1954.
=260  \\$a[Binghāzī?$c1954?]
=300  \\$a15, 281 p.$c23 cm.
=650  \0$aCivil procedure$zLibya.
=650  \0$aCommercial courts$zLibya.
=650  \0$aCourts$zLibya.
=650  \0$aJustice, Administration of$zLibya.
=945  \\$aF$b1$c75786.585.2
=911  \\$a19990912
=852  00$02837207$brcppa$t1$hKSP1710$i.L539 1954$xtr fr f
=959  \\$a2008-10-16 15:09:46 -0400

