=LDR  01661cam a2200385 i 4500
=001  253672
=003  NjP
=005  20190705135928.0
=008  840209s1974\\\\ir\h\\\\\b\\\\000\0\arard
=024  7\$aprinceton_aco003840$2local
=035  \\$a(CStRLIN)NJPG84-B7837
=035  \\$9ABG8783TS
=035  \\$a(NjP)253672
=040  \\$aPUL$cPUL$dPUL
=049  \\$aPULL
=035  \\$a(OCoLC)ocm13882764
=100  1\$6880-01$aBaḥrānī, Hāshim ibn Sulaymān,$dd. ca. 1696.$0http://id.loc.gov/authorities/names/nr90008288
=245  13$6880-02$aal-Lawāmiʻ al-nūrānīyah fī asmāʼ ʻAlī wa-ahl baytihi al-Qurʼānīyah /$cal-Sayyid al-Ḥusaynī al-Baḥrānī.
=250  \\$6880-03$aal-Ṭabʻah 1.
=260  \\$6880-04$aQum :$bal-Maṭbaʻah al-ʻIlmīyah,$c1974.
=300  \\$a3, 551 p. :$bfacsim. ;$c24 cm.
=504  \\$aIncludes bibliographical references.
=600  00$aʻAlī bin Abī Ṭālib,$cCaliph,$dca 600-661$xQurʼanic teaching$xEarly works to 1800.
=880  1\$6100-01/r$aبحراني، هاشم بن سليمان،$dd. . 1696.
=880  12$6245-02/r$aاللوامع النورانية في اسماء علي واهل بيته القرآنية /$cالسيد الحسيني البحراني.
=880  \\$6250-03/r$aالطبعة 1.
=880  \\$6260-04/r$aقم :$bالمطبعة العلمية،$c1974.
=998  \\$a02/13/84$s9114$nNjP$wNJPG84B7837$d02/09/84$cRNG$bMT$i840213$lNJPG
=911  \\$a19921028
=912  \\$a19970630033732.0
=994  \\$aC0$bPUL
=999  \\$a253672
=979  \\$a(OCoLC)ocn175915159
=852  00$0277653$brcppa$t1$hBP133.7.A44$iB347 1974$xtr fr nec
=959  \\$a2000-06-13 00:00:00 -0400

