=LDR  00824cam a22002655  4500
=001  2579844
=003  NjP
=005  20150109123316.0
=008  990728s1919\\\\le\\\\\\\\\\\\000\0\ara\d
=024  7\$aprinceton_aco004418$2local
=035  \\$a(OCoLC)ocm41972772
=035  \\$9CMF1989TS
=040  \\$aPUL$cPUL
=100  1\$aDuryān, Yūsuf.
=245  00$aNubdhah tārīkhīyah fi aṣl al-ṭaʾifah al-Mārūnīyah ...
=260  \\$aBayrūt,$c1919.
=300  \\$a526 p.$c22 cm.
=546  \\$aTitle-page and text in Arabic.
=500  \\$a3d printing, revised.
=856  4\$uhttp://hdl.handle.net/2027/njp.32101063974255
=945  \\$aANXA$b1$c2269.3.366.11
=911  \\$a19991015
=852  80$02884806$brcppa$t1$h2269.3.366.11$xtr fr anxa
=852  8\$08738547$belf1$hElectronic Resource
=959  \\$a2000-06-08 00:00:00 -0500

