=LDR  00952cam a22003015  4500
=001  2579853
=003  NjP
=005  20190705144358.0
=008  990728s1880\\\\ua\\\\\\\\\\\\000\0\ara\d
=024  7\$aprinceton_aco004457$2local
=040  \\$aPUL$cPUL$dPUL
=035  \\$9CMF2000TS
=035  \\$a(NjP)2579853
=049  \\$aPULL
=035  \\$a(OCoLC)ocm41973183
=100  1\$6880-01$aIbn Ṭufayl, Muḥammad ibn ʻAbd al-Malik,$d-1185.$0http://id.loc.gov/authorities/names/n82164728
=245  00$6880-02$aḤayy ibn-Yaqẓān ...
=260  \\$aCairo,$c1880.
=300  \\$a41 p.$c24 cm.
=546  \\$aText and t.-p. in Arabic.
=880  1\$6100-01/r$aابن طفيل، محمد بن عبد الملك،$d-1185.
=880  00$6245-02/r$aحي بنيقظان ...
=911  \\$a19991015
=994  \\$aC0$bPUL
=999  \\$a2579853
=979  \\$a(OCoLC)ocn178222863
=852  80$02884815$brcppa$t1$h2271.4914.344$xtr fr anxa
=959  \\$a2008-01-30 11:44:35 -0500

