=LDR  01254cam a22003135  4500
=001  2630328
=003  NjP
=005  20170915173301.0
=008  890703s1904\\\\ua\c\\\\\\\\\\000\0\ara\d
=024  7\$aprinceton_aco004699$2local
=035  \\$a(OCoLC)ocm19957265
=035  \\$9CMN7848TS
=040  \\$aLPU$cLPU$dTJC$dPUL
=041  1\$aara$hund
=100  0\$aHomer.
=240  10$aIliad.$lArabic
=245  10$aAl-Yazat Houmirus,$can al-franciat hikalam Sulaiman al-Bustany ... L'Iliade d'Homère, tr. en vers arabes avec une introd. historique et littéraire sur l'auteur et son oeuvre en regard de la littérature arabe et ses usages de l'Orient. Le texte est accompagné de notes suivi d'un vocabulaire par Sulaīman al-Bustany.
=260  \\$aEgypt,$bal-Hilal,$c1904.
=300  \\$a1260 p.$billus., ports.$c27 cm.
=500  \\$aTranslated title: The Iliad.
=500  \\$aAdded title and text in Arabic.
=650  \0$aArabic books.
=700  1\$aBustānī, Sulaymān Khaṭṭār,$d1856-1925.$0http://id.loc.gov/authorities/names/n91099156
=740  0\$aIliade d'Homère.
=740  0\$aIliade.
=945  \\$aANXA$b1$c2681.333.904
=911  \\$a19991112
=852  80$02938285$brcppa$t1$h2681.333.904$xtr fr anxa
=959  \\$a2009-08-10 11:06:12 -0500

