=LDR  02026cam a2200433 a 4500
=001  264862
=003  NjP
=005  20080702131428.0
=008  850628s1983\\\\ir\\\\\\\i\\\\000\0\ara\d
=024  7\$aprinceton_aco003348$2local
=035  \\$a(OCoLC)ocn176008955
=040  \\$aNjP$cPUL$dPUL
=066  \\$c(3
=035  \\$a(OCoLC)176008955
=035  \\$a(CStRLIN)NJPG85-B16666
=035  \\$9ABJ0009TS
=035  \\$a(NjP)264862
=079  \\$aocm21263585
=049  \\$aPULL
=100  1\$6880-01$aMuḥammadī, ʻAbd Allāh.
=245  10$6880-02$aʻAlá ḍifāf al-Ghadīr :$bfihris mawḍūʻī wa-taḥlīlī li-mawsūʻat (al-Ghadīr) /$ciʻdād ʻAbd Allāh Muḥammadī, Muḥammad Bahrahʹmand, Muḥammad Muḥaddith ; murājaʻah wa-tansīq Fāḍil al-Ḥusaynī al-Mīlānī.
=260  \\$6880-03$aMashhad :$bDār al-Murtaḍá lil-Nashr,$c1403 [1983]
=300  \\$a180, 338 p. ;$c25 cm.
=600  10$aAmīnī, ʻAbd al-Ḥusayn Aḥmad.$tGhadīr fī al-Kitāb wa-al-sunnah wa-al-adab$xIndexes.
=700  1\$aBahrahʹmand, Muḥammad.
=700  1\$6880-04$aMuḥaddith, Muḥammad.
=700  1\$6880-05$aMīlānī, Fāḍil al-Ḥusaynī,$d1943-
=880  1\$6100-01/(3/r$aمحمدي، عبد الله.
=880  10$6245-02/(3/r$aعلى ضفاف الغدير :$bفهرس موضوعي وتحليلي لموسوعة (الغدير) /$cاعداد عبد الله محمدي، محمد بهرهمند، محمد محدث ؛ مراجعة وتنسيق فاضل الحسيني الميلاني.
=880  \\$6260-03/(3/r$aمشهد :$bدار المرتضى للنشر،$c1403 [1983]
=880  1\$6700-04/(3/r$aمحدث، محمد.
=880  1\$6700-05/(3/r$aميلاني، فاضل الحسيني،$d1943-
=998  \\$a07/31/86$s9118$nNjP$wNJPG85B16666$d06/28/85$cKE$bKE$i860731$lNJPG
=911  \\$a19921028
=912  \\$a19900822000000.0
=994  \\$aC0$bPUL
=999  \\$a264862
=852  00$0289888$brcppa$t1$hBP194$i.A372$xtr fr arab
=959  \\$a2000-06-13 00:00:00 -0400

