=LDR  02137cam a2200373 a 4500
=001  2735301
=003  NjP
=005  20171005175022.0
=008  810127s1941\\\\ir\\\\\\\\\\\\000\0\araod
=024  7\$aprinceton_aco003143$2local
=035  \\$a(OCoLC)ocn177976953
=035  \\$a(OCoLC)ocm07086200
=035  \\$a(OCoLC)177976953
=035  \\$9CNC3069TS
=035  \\$a(NjP)2735301
=040  \\$aWAU$cPUL$dPUL
=049  \\$aPULL
=079  \\$aocm07086200
=100  1\$6880-01$aShāhābādī, Mīrzā Muḥammad ʻAlī.
=245  10$6880-02$aHādhihi rashaḥāt al-bukhār wa-qabsāt al-anwār :$bwa-ṭulaʻāt al-asrār wa-qarārat al-abṣār wa-maḥaṭṭ al-afkār wa-khulāṣat al-kutub wa-al-asfār wa-sulālat al-ḥukm wa-jāmiʻat al-kalim min nafaḥāt anfās al-ʻalāmah /$cḤujjat al-Islām Āyat Allāh fī al-anāmir Mawlānā al-Aqā Mīrzā Muḥammad ʻAlī al-shahīr bi-al-Shāhābādī al-Iṣfahānī.
=260  \\$6880-03$aṬihrān :$b[s.n.],$c1360 [1941].
=300  \\$a192 p. ;$c21 cm.
=650  \0$aSufism.$0http://id.loc.gov/authorities/subjects/sh85129660
=650  \0$aReligious life$xIslam$0http://id.loc.gov/authorities/subjects/sh85112674
=740  0\$6880-04$aRashaḥāt al-bukhār wa-qabsāt al-anwār.
=880  1\$6100-01/r$aشاهابادي، ميرزا محمد علي.
=880  10$6245-02/r$aهذه رشحات البخار وقبسات الانوار :$bوطلعات الاسرار وقرارة الابصار ومحط الافكار وخلاصة الكتب والاسفار وسلالة الحكم وجامعة الكلم من نفحات انفاس العلامة /$cحجة الاسلام آية الله في الانامر مولانا الاقا ميرزا محمد علي الشهير بالشاهابادي الاصفهاني.
=880  \\$6260-03/r$aطهران :$b[s.n.]،$c1360 [1941].
=880  0\$6740-04/r$aرشحات البخار وقبسات الانوار.
=911  \\$a20000130
=994  \\$aC0$bPUL
=999  \\$a2735301
=852  00$03045855$brcppa$t1$hBP189$i.S534 1941$xtr fr nec
=959  \\$a2009-07-01 15:59:12 -0400

