=LDR  01811cam a2200397   4500
=001  2737348
=003  NjP
=005  20171006170146.0
=008  810925m19639999su\\\\\\\\\\\\000\0\ara\\
=024  7\$aprinceton_aco002368$2local
=010  \\$ane 64001461 
=035  \\$a(OCoLC)ocn178004687
=035  \\$a(OCoLC)ocm07792907
=035  \\$a(OCoLC)178004687
=035  \\$9CNC5769TS
=035  \\$a(NjP)2737348
=040  \\$aDLC$cPUL$dPUL
=049  \\$aPULL
=050  0\$aD17$b.I12
=079  \\$aocm07792907
=100  1\$6880-01$aIbn Kathīr, Ismāʻīl ibn ʻUmar,$dapproximately 1301-1373.$0http://id.loc.gov/authorities/names/n83064845
=245  13$6880-02$aal-Bidāyah wa-al-nihāyah fī al-Tarīkh,$cLi-ʻImād al-Dīn Abī al-Fidā, Ismāʼīl ibn ʻUmar ibn Kathīr. taḥqīq wa-murajaʼat wa-taʼlīq wa-tṣhīḥ Muḥmmad ʻAbd al-ʻAzīz al-Najjār.
=250  \\$6880-03$aṬabʻah Jadīdah munaqqaḥah kāmilah.
=260  \\$6880-04$aal-Riyaḍ,$bMaktabat al-Flaḥ$c[1963-
=300  \\$av.$c28 cm.
=650  \0$aWorld history$vEarly works to 1800.$0http://id.loc.gov/authorities/subjects/sh85148202
=880  1\$6100-01/r$aابن كثير، اسماعيل بن عمر،$dapproximately 1301-1373.
=880  12$6245-02/r$aالبداية والنهاية في التريخ،$cلعماد الدين ابي الفدا، اسمائيل بن عمر بن كثير. تحقيق ومرجأة وتأليق وتصهيح محمد عبد العزيز النجار.
=880  \\$6250-03/r$aطبعة جديدة منقحة كاملة.
=880  \\$6260-04/r$aالريض،$bمكتبة الفلح$c[1963-
=911  \\$a20000130
=994  \\$aC0$bPUL
=999  \\$a2737348
=852  01$03047922$bnec$t1$hD17$i.I12 1963
=866  \0$03047922$80$av.1-2
=959  \\$a2005-12-30 15:04:06 -0400

