=LDR  01671cam a2200421   4500
=001  2739425
=003  NjP
=005  20170516151201.0
=008  821116s1966\\\\iq\\\\\\\b\\\f000\0\ara\c
=024  7\$aprinceton_aco002112$2local
=010  \\$ane 67001994 
=035  \\$a(OCoLC)ocn178031114
=035  \\$a(OCoLC)ocm08962151
=040  \\$aPrinceton Univ. Libr.$cPUL$dPUL
=035  \\$a(OCoLC)178031114
=035  \\$9CNC8499TS
=035  \\$a(NjP)2739425
=043  \\$aar-----
=079  \\$aocm08962151$zocn123270492$zocn213921745
=049  \\$aPULL
=100  1\$6880-01$aTikrītī, Salīm Ṭāhā.
=245  13$6880-02$aalṢirāʻ ʻalā al-Khalīj al-ʻArabī,$ctaʼlīf Salīm Ṭāhā al-Takrītī.
=260  \\$6880-03$aBaghdād,$bWizārat al-Thaqāfah wa-al-Irshād,$c1966.
=300  \\$a146 p.$c21 cm.
=490  0\$6880-04$aal-Silsilah al-siyāsīyah,$v12
=500  \\$6880-05$a"Mulḥaq ittifāqāt wa-muʻāhadāt al-Khalīj al-ʻArabī": p. 109-143.
=504  \\$aBibliography: p. 144-146.
=651  \0$aPersian Gulf States$xHistory.
=880  1\$6100-01/r$aتكريتي، سليم طه.
=880  12$6245-02/r$aالصراع علا الخليج العربي،$cتأليف سليم طه التكريتي.
=880  \\$6260-03/r$aبغداد،$bوزارة الثقافة والارشاد،$c1966.
=880  0\$6490-04/r$aالسلسلة السياسية،$v12
=880  \\$6500-05/r$a"ملحق اتفاقات ومعاهدات الخليج العربي": p. 109-143.
=911  \\$a20000130
=994  \\$aC0$bPUL
=999  \\$a2739425
=852  00$03050022$bnec$t1$hDS247.A135$iT557 1966
=959  \\$a2009-07-02 12:45:28 -0400

