=LDR  01155cam a2200301 a 4500
=001  2745165
=003  NjP
=005  20171006172830.0
=008  840606s1954\\\\ua\bcf\\\\\\\f000\0barar\
=024  7\$aprinceton_aco002306$2local
=010  \\$a   80960976 /NE/r90 
=035  \\$a(OCoLC)ocm12104317
=035  \\$9CND6010TS
=040  \\$aDLC$cDLC$dPUL
=043  \\$af-sj---
=050  00$aDT156.7$b.N33 1954
=100  1\$aNaguib, Mohammed,$d1901-$0http://id.loc.gov/authorities/names/n82211806
=245  10$aRisālah ʻan al-Sūdān /$ckatabahā Muḥammad Najīb.
=260  \\$aal-Qāhirah :$bal-Maṭbaʻah al-Amīrīyah,$c1954.
=300  \\$a6, 96 p., [9] leaves of plates :$bmaps, ports. ;$c24 cm.
=590  \\$aIn Arabic.
=651  \0$aSudan$xPolitics and government.$0http://id.loc.gov/authorities/subjects/sh88002208
=600  10$aNaguib, Mohammed,$d1901-$0http://id.loc.gov/authorities/names/n82211806
=650  \0$aPresidents$zEgypt$vBiography.$0http://id.loc.gov/authorities/subjects/sh2008109947
=945  \\$aF$b1$c2272.7065.N5.377
=911  \\$a20000130
=852  00$03055847$bnec$t1$hDT156.7$i.N33 1954
=959  \\$a2009-07-01 09:38:03 -0400

