=LDR  01385cam a2200349 a 4500
=001  2748948
=003  NjP
=005  20171010171620.0
=008  860723s1947\\\\sy\\\\\\\\\\\\000\0\arard
=024  7\$aprinceton_aco003326$2local
=035  \\$a(OCoLC)ocn178138295
=035  \\$a(OCoLC)ocm13920614
=035  \\$a(OCoLC)178138295
=035  \\$9CNE0668TS
=035  \\$a(NjP)2748948
=040  \\$aIUL$cPUL$dPUL
=049  \\$aPULL
=079  \\$aocm13920614
=100  1\$6880-01$aNaḥlāwī, Khalīl ibn ʻAbd al-Qādir.
=245  13$6880-02$aal-Durar al-mubāḥah fī al-ḥaẓr wa-al-ibāḥah /$cjamʻ Khalīl ibn ʻAbd al-Qādir al-Shaybānī al-shahīr bi-al-Naḥlāwī.
=260  \\$6880-03$aDimashq :$bMaṭbaʻat al-Iʻtidāl,$c1947.
=300  \\$a158 p. ;$c24 cm.
=500  \\$aIn Arabic.
=650  \0$aIslamic ethics.$0http://id.loc.gov/authorities/subjects/sh85068451
=880  1\$6100-01/r$aنحلاوي، خليل بن عبد القادر.
=880  12$6245-02/r$aالدرر المباحة في الحظر والاباحة /$cجمع خليل بن عبد القادر الشيباني الشهير بالنحلاوي.
=880  \\$6260-03/r$aدمشق :$bمطبعة الاعتدال،$c1947.
=911  \\$a20000130
=994  \\$aC0$bPUL
=999  \\$a2748948
=852  00$03059653$brcppa$t1$hBP184$i.N34 1947$xtr fr nec
=959  \\$a2009-07-01 09:06:00 -0400

