=LDR  01099cam a2200313   4500
=001  2749613
=003  NjP
=005  20171010171754.0
=008  860926s1969\\\\iq\\\\\\\b\\\\000\0\arao\
=024  7\$aprinceton_aco002017$2local
=010  \\$a   78232293 /NE 
=035  \\$a(OCoLC)ocm14270266
=035  \\$9CNE1503TS
=040  \\$aDLC$cCUY$dPUL
=050  0\$aHD1415$b.D27
=100  1\$aDāhirī, ʻAbd al-Wahhāb Maṭar.
=245  10$aUsus wa-mabādiʾ al-iqtiṣād al-zirāʻī$c[taʾlīf] ʻAbd al-Wahhāb Maṭar al-Dāhirī.
=250  \\$aal-Ṭabʻah 1.
=260  \\$aBaghdād,$bMaṭbaʻat al-ʻĀnī,$c1969.
=300  \\$a415 p.$c24 cm.
=500  \\$aCover title: Principles of agricultural economics, by Abdul Wahab M. al-Dahiri.
=504  \\$aBibliography: p. 410-415.
=500  \\$aIn Arabic.
=650  \0$aAgriculture$xEconomic aspects.$0http://id.loc.gov/authorities/subjects/sh85002427
=740  0\$aIqtiṣād al-zirāʻī.
=945  \\$aF$b1$c2269.2565.392
=911  \\$a20000130
=852  00$03060323$bnec$t1$hHD1415$i.D27 1969
=959  \\$a2009-06-29 15:59:23 -0400

