=LDR  01183cam a2200325 a 4500
=001  2751019
=003  NjP
=005  20190705144532.0
=008  870408s1951\\\\le\\\\\\\\\\\\000\0\arard
=024  7\$aprinceton_aco004227$2local
=035  \\$9CNE3232TS
=035  \\$a(NjP)2751019
=040  \\$aOSU$cPUL$dPUL
=049  \\$aPULL
=035  \\$a(OCoLC)ocm15505649
=100  1\$6880-01$aʻUrayyiḍ, Ibrāhīm.
=245  10$6880-02$aArḍ al-shuhadāʼ :$bmalḥamah shiʻrīyah ʻan maʼsāt Filasṭīn /$cIbrāhīm al-ʻUrayyid.
=260  \\$6880-03$aBayrūt :$bDār al-ʻilm lil-Malāyīn,$c1951.
=300  \\$a144 p. :$bill. ;$c17 cm.
=500  \\$aPoems.
=590  \\$aTitle-page and text in Arabic.
=880  1\$6100-01/r$aعريض، ابراهيم.
=880  10$6245-02/r$aارض الشهداء :$bملحمة شعرية عن مأسات فلسطين /$cابراهيم العريد.
=880  \\$6260-03/r$aبيروت :$bدار العلم للملايين،$c1951.
=911  \\$a20000130
=994  \\$aC0$bPUL
=999  \\$a2751019
=979  \\$a(OCoLC)ocn178166389
=852  00$03061741$brcppa$t1$hPJ7866.R34$iA733 1951$xtr fr nec
=959  \\$a2009-07-02 15:27:18 -0500

