=LDR  00966cam a22002535  4500
=001  2754527
=003  NjP
=005  20171010172755.0
=008  881007s1970\\\\ir\\\\\\\\\\\\000\0\arard
=024  7\$aprinceton_aco004307$2local
=035  \\$a(OCoLC)ocm18580296
=035  \\$9CNE7681TS
=040  \\$aWAU$cWAU$dPUL
=100  1\$aṬūsī, Muḥammad ibn al-Ḥasan,$d995-1067?$0http://id.loc.gov/authorities/names/n80149963
=245  10$aTahdhīb al-aḥkām fī sharḥ al-Muqniʻah$clil-Shaykh al-Mufīd. Ḥaqqaqah wa-ʻallaq ʻalayh Ḥasan al-Mūsawī al-Kharsān.
=250  \\$aal-Ṭabʻah 3.
=260  \\$aTeheran,$bDar al-Kutub al-Islāmīyah,$c1970.
=300  \\$a10 v.
=600  10$aMufīd, Muḥammad ibn Muḥammad,$d-1022.$tRisālah al-muqniʻah.
=945  \\$aF$b1$c2272.6642.827.1970$ev.1-10
=911  \\$a20000130
=852  81$03065267$brcppa$t1$h2272.6642.827.1970$xtr fr f
=866  \0$03065267$80$ajuz' 1-10
=959  \\$a2003-03-21 09:23:25 -0500

