=LDR  01413cam a2200373 a 4500
=001  2755799
=003  NjP
=005  20171010173040.0
=008  890502s1961\\\\sy\\\\\\\\\\\\000\0\arard
=024  7\$aprinceton_aco003185$2local
=035  \\$a(OCoLC)ocn178229742
=035  \\$a(OCoLC)ocm19643141
=040  \\$aOSU$cPUL$dPUL
=035  \\$a(OCoLC)178229742
=035  \\$9CNE9269TS
=035  \\$a(NjP)2755799
=079  \\$aocm19643141
=049  \\$aPULL
=100  1\$6880-01$aṬanṭāwī, ʻAlī,$d1909-$0http://id.loc.gov/authorities/names/n83066606
=245  13$6880-02$aal-Jāmiʻ al-Umawī fī Dimashq :$bwaṣf wa-taʼrīkh /$cmin taʼlīf ʻAlī al-Ṭanṭāwī.
=250  \\$6880-03$aal-Ṭabʻah 2.
=260  \\$6880-04$aDimashq :$bDār al-Fikr,$c1961.
=300  \\$a87 p. :$bill. ;$c24 cm.
=610  20$6880-05$aJāmiʻ al-Umawī (Damascus, Syria)
=880  1\$6100-01/r$aطنطاوي، علي،$d1909-
=880  12$6245-02/r$aالجامع الاموي في دمشق :$bوصف وتأريخ /$cمن تأليف علي الطنطاوي.
=880  \\$6250-03/r$aالطبعة 2.
=880  \\$6260-04/r$aدمشق :$bدار الفكر،$c1961.
=880  20$6610-05/r$aجامع الاموي (دمشق، سورية)
=911  \\$a20000130
=994  \\$aC0$bPUL
=999  \\$a2755799
=852  00$03066550$brcppa$t1$hBP187.65.S952$iD3638 1961$xtr fr nec
=959  \\$a2009-07-02 12:50:12 -0400

