=LDR  01608cam a2200409   4500
=001  2759709
=003  NjP
=005  20171010173743.0
=008  901019s1969\\\\iq\\\\\\\b\\\\000\0\arar\
=024  7\$aprinceton_aco002122$2local
=010  \\$a   75255805 
=035  \\$a(OCoLC)ocn178281246
=035  \\$a(OCoLC)ocm22540010
=040  \\$aDLC$cPUL$dPUL
=035  \\$a(OCoLC)178281246
=035  \\$9CNF3993TS
=035  \\$a(NjP)2759709
=050  0\$aDS119.7$b.H55
=079  \\$aocm22540010
=049  \\$aPULL
=100  1\$6880-01$aHītī, Hādī Nuʻmān.
=245  13$6880-02$aal-Iʻlām al-ʻArabī wa-al-diʻāyah al-Ṣihyūnīyah,$cbi-qalam Hādī Nuʻmān al-Hītī.
=260  \\$6880-03$a[Baghdād,$bDār al-Jumhūrīyah,$c1969]
=300  \\$a181 p.$c21 cm.
=440  \0$6880-04$aSilsilah al-iʻlāmīyah,$v7
=500  \\$aAt head of title: Wizārat al-Thaqāfah wa-al-Iʻlām. Mudīrīyat al-Iʻlām al-ʻĀmmah.
=650  \0$aPropaganda, Arab.$0http://id.loc.gov/authorities/subjects/sh87001500
=650  \0$aPropaganda, Israeli.$0http://id.loc.gov/authorities/subjects/sh87003586
=880  1\$6100-01/r$aهيتي، هادي نعمان.
=880  12$6245-02/r$aالاعلام العربي والدعاية الصهيونية،$cبقلم هادي نعمان الهيتي.
=880  \\$6260-03/r$a[بغداد،$bدار الجمهورية،$c1969]
=880  \0$6440-04/r$aسلسلة الاعلامية،$v7
=911  \\$a20000130
=994  \\$aC0$bPUL
=999  \\$a2759709
=852  00$03070485$bnec$t1$hDS119.7$i.H585 1969
=959  \\$a2009-06-30 11:00:39 -0400

