=LDR  00986cam a2200277 a 4500
=001  2765618
=003  NjP
=005  20171010174814.0
=008  920716m19669999iq\\\\\\\b\\\\000\0\arar\
=024  7\$aprinceton_aco001902$2local
=010  \\$ane 68000421  
=035  \\$a(OCoLC)ocm26199203
=035  \\$9CNG1226TS
=040  \\$aDLC$cMBB$dMBB$dPUL
=100  1\$aMuẓaffar, Muḥammad Riḍā,$d1904-1964.$0http://id.loc.gov/authorities/names/n82214203
=245  10$aUṣūl al-fiqh /$cMuḥammad Riḍā al-Muẓaffar.
=250  \\$aal-Tabʻah 2.
=260  \\$aal-Najaf :$bMaṭābiʻ Dār al-Nuʻmān,$c1966-
=300  \\$av. ;$c25 cm.
=504  \\$aIncludes bibliographical references.
=650  \0$aIslamic law$xInterpretation and construction.$0http://id.loc.gov/authorities/subjects/sh85068455
=945  \\$aF$b1$c2272.6956.392.1966$ev.1-4
=911  \\$a20000130
=852  01$03076417$bnec$t1$hKBP461$i.M893 1966
=866  \0$03076417$80$av.1-4
=959  \\$a2002-05-03 14:58:33 -0500

