=LDR  01015cam a2200277L  4500
=001  2769499
=003  NjP
=005  20171013173659.0
=008  950425s1961\\\\ir\\\\\\\\\\\\000\0\ara\d
=024  7\$aprinceton_aco004671$2local
=035  \\$a(OCoLC)ocm32439206
=035  \\$9CNG6057TS
=040  \\$aTEU$cTEU$dPUL
=100  1\$aKulaynī, Muḥammad ibn Yaʻqūb,$d-941?$0http://id.loc.gov/authorities/names/n80158377
=245  13$aal-Uṣūl min al-Kāfī$bmaʻa taʻlīqāt nāfiʻah maʻkhūdahah min ʻiddat shurūḥ ; ṣḥḥaḥahu wa-ʻallaqa ʻalayhi ʻalī Akbar al-Ghaffārī.
=260  \\$aṬahrān :$bMaktabat al-Sudūq,$c1381 [1961]
=300  \\$a2 v. :$c25 cm.
=500  \\$aIn Arabic.
=500  \\$aVol. 1-3 2d ed.
=650  \0$aHadith (Shiites)
=700  1\$aGhaffārī, ʻAlī Akbar.
=945  \\$aF$b1$c2271.518.351.1961$ev.1-4
=911  \\$a20000130
=852  81$03080335$brcppa$t1$h2271.518.351.1961$xtr fr f
=866  \0$03080335$aVol. 1-v. 4
=959  \\$a2003-03-24 13:26:56 -0500

