=LDR  00705nam a2200241Mi 4500
=001  2770269
=003  NjP
=008  910129m18881893ua\\\\\\\\\\\\000\0\ara\d
=024  7\$aprinceton_aco004081$2local
=035  \\$a(OCoLC)ocm33857395
=035  \\$9CNG6952TS
=040  \\$aHLS$cHLS$dPUL
=130  0\$aʻAntar.
=245  10$aSīrah.
=260  \\$a[Cairo :$bs.n.],$c1306-11 [1888-1893]
=300  \\$a32 v. in 6.$c27 cm.
=500  \\$aThe longer Ḥijāzi recension.
=600  00$aʻAntarah ibn Shaddād,$d6th cent.$vLegends.
=945  \\$aANXA$b1$c2264.12.1888$ev.1-32
=911  \\$a20000130
=852  81$03081109$brcppa$t2$h2264.12.1888$xtr fr f
=866  \0$03081109$80$av.1-32
=959  \\$a2003-03-18 10:26:35 -0400

