=LDR  00713nam a2200229Mi 4500
=001  2770337
=003  NjP
=008  911219s1883\\\\sy\\\\\\\\\\\\000\0\ara\d
=024  7\$aprinceton_aco004140$2local
=035  \\$a(OCoLC)ocm33923914
=035  \\$9CNG7029TS
=040  \\$aHLS$cHLS$dPUL
=100  2\$aAbū Shaʻr, Dāwūd Afandī.
=245  10$aTuḥfat al-ikhwān fī ḥifẓi ṣiḥḥat al-abdān /$cDāwūd Afandī Abī Shaʻr.
=260  \\$aDimashq :$bD. A. Abī Shaʻr,$c1883.
=300  \\$a280 p. ;$c21 cm.
=590  \\$aPhotocopy.
=500  \\$aIn Arabic.
=945  \\$aF$b1$c2262.1774.391
=911  \\$a20000130
=852  80$03081177$brcppa$t1$h2262.1774.391$xtr fr f
=959  \\$a2009-06-29 12:28:55 -0500

