=LDR  00959cam a2200265Ma 4500
=001  2770428
=003  NjP
=005  20171013173955.0
=008  841028s1942\\\\mr\ab\\\\\\\\\000\0\arard
=024  7\$aprinceton_aco004010$2local
=035  \\$a(OCoLC)ocm33995227
=035  \\$9CNG7134TS
=040  \\$aHLS$cHLS$dPUL
=043  \\$aff-----
=100  1\$aGannūn, ʻAbd Allāh,$d1908-$0http://id.loc.gov/authorities/names/n83148080
=245  10$aUmarāʾunā al-shuʻarāʾ /$ctaʾlīf ʻAbd Allāh Kannūn.
=260  \\$aTiṭwān, al-Maghrib :$bal-Maṭbaʻah al-Mahdīyah,$c[1942?]
=300  \\$a68 p. ;$c21 cm.
=500  \\$aTitle page dated: 1958.
=650  \0$aArabic poetry$zAfrica, North$xHistory and criticism.
=651  \0$aAfrica, North$xHistory.$0http://id.loc.gov/authorities/subjects/sh85001638
=945  \\$aF$b1$c2258.375.3
=911  \\$a20000130
=852  00$03081269$brcppa$t1$hPJ8195$i.G366 1942$xtr fr nec
=959  \\$a2009-06-29 10:33:19 -0400

