=LDR  01249cam a2200337Mi 4500
=001  2770437
=003  NjP
=005  20111010151912.0
=008  920227s1935\\\\le\\\\\\\\\\\\000\0\ara\d
=024  7\$aprinceton_aco002686$2local
=035  \\$a(OCoLC)ocn178435057
=035  \\$a(OCoLC)ocm33995835
=040  \\$aHLS$cPUL$dPUL
=035  \\$a(OCoLC)178435057
=035  \\$9CNG7146TS
=035  \\$a(NjP)2770437
=079  \\$aocm33995835
=049  \\$aPULL
=100  1\$6880-01$aAbū Khāṭir, Ibrāhīm.
=245  13$6880-02$aal-Khawāṭir :$bkhuṭab wa-maqālāt fī al-ijtimāʻ wa-al-siyāsah /$cbi-qalam Ibrāhīm Abī Khāṭir.
=260  \\$6880-03$aZaḥlah ;$bMaṭbaʻat Zaḥlat al-Fatāt,$c1935.
=300  \\$a285 p. ;$c24 cm.
=500  \\$aTitle-page and text in Arabic.
=880  1\$6100-01/r$aابو خاطر، ابراهيم.
=880  12$6245-02/r$aالخواطر :$bخطب ومقالات في الاجتماع والسياسة /$cبقلم ابراهيم ابي خاطر.
=880  \\$6260-03/r$aزحلة ؛$bمطبعة زحلة الفتاة،$c1935.
=911  \\$a20000130
=994  \\$aC0$bPUL
=999  \\$a2770437
=852  00$03081278$brcppa$t1$hAC106$i.A285 1935$xtr fr nec
=959  \\$a2009-06-29 12:25:00 -0500

