=LDR  00927cam a2200241 a 4500
=001  2771131
=003  NjP
=005  20171013174113.0
=008  960814s1963\\\\ir\\\\\\\\\\\\000\0\ara\c
=024  7\$aprinceton_aco001901$2local
=035  \\$a(OCoLC)ocm35240819
=035  \\$9CNG7998TS
=040  \\$aCGU$cCGU$dPUL
=100  2\$aRaz̤avī al-Kāshānī, Muḥammad Ḥusayn.
=245  10$aUṣūl muʻtabarah /$cmin muṣanafāt Muḥammad al-Raḍawī al-Kāshānī ; nahaḍa bi-mashruʻih Shihāb al-Dīn al-Raḍawī.
=250  \\$aal-Ṭabʻah 1.
=260  \\$aTihrān :$bMaṭbaʻat Sharikat Ṭabʻ al-Kitāb,$c1383 [i.e., 1383 1963]
=300  \\$a320 p. ;$c25 cm.
=650  \0$aIslamic law$xInterpretation and construction.$0http://id.loc.gov/authorities/subjects/sh85068455
=945  \\$aF$b1$c2274.187.392
=911  \\$a20000130
=852  00$03081978$bnec$t2$hKBP461$i.R393 1963
=959  \\$a2009-05-04 09:33:15 -0500

