=LDR  02283cam a2200445Ma 4500
=001  2771812
=003  NjP
=005  20170516151428.0
=008  970211s1970\\\\iq\\\\\\\b\\\\001\0\arard
=024  7\$aprinceton_aco003529$2local
=035  \\$a(OCoLC)ocn178458633
=035  \\$a(OCoLC)ocm36639759
=035  \\$a(OCoLC)178458633
=035  \\$9CNG8805TS
=035  \\$a(NjP)2771812
=040  \\$aRBN$cPUL$dPUL
=049  \\$aPULL
=050  14$aBP194$b.A25x 1970
=079  \\$aocm36639759
=100  1\$6880-01$aĀbī, Ṣāʻid ibn Muḥammad.
=245  13$6880-02$aal-Ḥudūd wa-al-ḥaqāʼiq fī sharḥ al-alfāẓ al-muṣṭalaḥah bayna al-mutakallimīn min al-Imāmīyah /$ctaʼlīf Ashraf al-Dīn Ṣāʻid al-Barīdī al-Ābī ; taḥqīq Ḥusayn ʻAlī Maḥfūẓ.
=246  15$6880-03$aHudud wal - haqa'iq fi sharh al-alfaz al-mustalaha bainal mutakallimin minal - Imamiyya.
=260  \\$6880-04$aBaghdād :$bMaṭbaʻat al-Maʻārif,$c1970.
=300  \\$a30 p. ;$c24 cm.
=440  \0$6880-05$aMaṭbūʻāt Maktabat Dīwān Āl al-Khāliṣī al-ʻĀmmah fī al-Kāẓimīyah ;$v2.
=504  \\$aIncludes bibliographic references (p. 6) and index.
=650  \0$aShīʻah$xDoctrines$xTerminology$vEarly works to 1800.
=650  \0$aArabic language$xTerms and phrases$vEarly works to 1800.
=700  1\$6880-06$aMaḥfūẓ, Ḥusayn ʻAlī.
=880  1\$6100-01/r$aآبي، صاعد بن محمد.
=880  12$6245-02/r$aالحدود والحقائق في شرح الالفاظ المصطلحة بين المتكلمين من الامامية /$cتأليف اشرف الدين صاعد البريدي الابي ؛ تحقيق حسين علي محفوظ.
=880  15$6246-03/r$aالحدود والحقائق في شرح الالفاظ المصطلحة بين المتكلمين من الامامية
=880  \\$6260-04/r$aبغداد :$bمطبعة المعارف،$c1970.
=880  \0$6440-05/r$aمطبوعات مكتبة ديوان آل الخالصي العامة في الكاظمية ؛$v2.
=880  1\$6700-06/r$aمحفوظ، حسين علي.
=911  \\$a20000130
=994  \\$aC0$bPUL
=999  \\$a2771812
=852  00$03082660$brcppa$t1$hBP194$i.A25 1970$xtr fr nec
=959  \\$a2009-06-29 10:16:25 -0400

