=LDR  01498cam a22003615a 4500
=001  2773626
=003  NjP
=005  20171013174658.0
=008  990104s1961\\\\iq\\\\\\\\\\\\000\0\ara\d
=024  7\$aprinceton_aco003120$2local
=035  \\$a(OCoLC)ocn178491444
=035  \\$a(OCoLC)ocm40563311
=040  \\$aCUD$cPUL$dPUL
=035  \\$a(OCoLC)178491444
=035  \\$9CNH0963TS
=035  \\$a(NjP)2773626
=079  \\$aocm39942650$zocm40563311$zocm41005545$zocm40563311$zocm41005545
=049  \\$aPULL
=100  1\$6880-01$aShahrastānī, Hibat al-Dīn al-Ḥusaynī.
=245  13$6880-02$aal-Hayʼah wa-al-Islām /$ctaʼlīf Hibat al-Dīn al-Ḥusaynī al-Shahrastānī ; taqdīm wa-ishrāf Aḥmad al-Ḥusaynī.
=260  \\$6880-03$aal-Najaf :$bDār al-T︠h︡aqāfah,$c1961.
=300  \\$a400 p. ;$c25 cm.
=650  \0$aAstronomy, Arab.$0http://id.loc.gov/authorities/subjects/sh85009014
=700  1\$6880-04$aḤusaynī, Aḥmad.
=880  1\$6100-01/r$aشهرستاني، هبة الدين الحسيني.
=880  12$6245-02/r$aالهيئه والاسلام /$cتأليف هبة الدين الحسيني الشهرستاني ؛ تقديم واشراف احمد الحسيني.
=880  \\$6260-03/r$aالنجف :$bدار الثقافة،$c1961.
=880  1\$6700-04/r$aحسيني، احمد.
=911  \\$a20000130
=994  \\$aC0$bPUL
=999  \\$a2773626
=852  00$03084481$brcppa$t1$hBP190.5.S3$iS534 1961$xtr fr nec
=959  \\$a2009-07-01 16:00:45 -0400

