=LDR  01011cam a22002775  4500
=001  2786323
=003  NjP
=005  20171013180833.0
=008  991114s1908\\\\ua\ab\\\\\\\\\000\0\ara\d
=024  7\$aprinceton_aco004159$2local
=035  \\$a(OCoLC)ocm42824087
=035  \\$9CNJ5108TS
=040  \\$aPUL$cPUL
=041  1\$aara$hund
=100  1\$aʻAẓm, Ṣādiq Bāshā al-Muʼayyad,$d-1911.$0http://id.loc.gov/authorities/names/no2004076325
=245  00$aRiḥlat al-Ḥabashah.
=260  \\$a[Cairo]$c1326 [1908]
=300  \\$a325 p.$billus., map.$c25 cm.
=500  \\$aTranslated into Arabic by Rafīq bey al-ʻAẓm and Ḥaqqī bey al-ʻAẓm.
=651  \0$aEthiopia$xDescription and travel.$0http://id.loc.gov/authorities/subjects/sh85045128
=856  4\$uhttp://hdl.handle.net/2027/njp.32101077778957
=945  \\$aF$b1$c2070.136.377.56
=911  \\$a20000130
=852  80$03097280$brcppa$t1$h2070.136.377.56$xtr fr f
=852  8\$08750070$belf1$hElectronic Resource
=959  \\$a2000-06-08 00:00:00 -0500

