=LDR  00939cam a22002655  4500
=001  2786425
=003  NjP
=005  20171013180839.0
=008  991115s1881\\\\tu\\\\\\\\\\\\000\0\ara\d
=024  7\$aprinceton_aco004163$2local
=035  \\$a(OCoLC)ocm42824649
=035  \\$9CNJ5210TS
=040  \\$aPUL$cPUL
=041  1\$aara$htur
=100  0\$aAhmet Cevdet Paşa,$d1822-1895.$0http://id.loc.gov/authorities/names/n84182509
=245  10$aTaqwīm al-adwār.$bTarjamahā min al-lughah al-Turkīyah ilā al-ʻArabīyah Ilyās Maṭar.
=260  \\$a[Istanbul]$bMaṭbaʻat Maḥmūd Bik,$c1881.
=300  \\$a52 p.$c20 cm.
=500  \\$aArabic translation of Takvim ül-edvar.
=856  4\$uhttp://hdl.handle.net/2027/njp.32101073503987
=945  \\$aF$b1$c2070.1165.387.8
=911  \\$a20000130
=852  80$03097384$brcppa$t1$h2070.1165.387.8$xtr fr f
=852  8\$08750101$belf1$hElectronic Resource
=959  \\$a2000-06-08 00:00:00 -0500

