=LDR  01001cam a22002895  4500
=001  2786434
=003  NjP
=005  20150120104515.0
=008  991115m18861889ua\a\\\\\\\\\\000\0\ara\d
=024  7\$aprinceton_aco004280$2local
=035  \\$a(OCoLC)ocm42824671
=035  \\$9CNJ5219TS
=040  \\$aPUL$cPUL
=041  1\$aara$htur
=100  0\$aAḥmed Mukhtār pāshā, Ghāzī,$d1832-1919.
=245  00$aRiyāḍ al-Mukhtār;$bmirʾāt al-mīqāt w-al-adwār ...
=260  \\$aBūlāq,$c1303-06 [1886-89]
=300  \\$a374 p. and atlas of diagrs.$c33 cm.
=546  \\$aTitle-pages and text in Arabic.
=500  \\$aTranslated from the Turkish by Shafīq Manṣūr (Yegen)
=700  0\$aShafīq Manṣūr,$etr.
=856  4\$uhttp://catalog.hathitrust.org/Record/009016869
=945  \\$aF$b1$c2070.1173.377.9q
=911  \\$a20000130
=852  80$03097393$brcppa$t1$cOversize$h2070.1173.377.9q$xtr fr f
=852  8\$08750107$belf1$hElectronic Resource
=959  \\$a2000-06-08 00:00:00 -0500

