=LDR  00894cam a22002415  4500
=001  2786672
=003  NjP
=005  20171013180901.0
=008  991115s195u\\\\su\\\\\\\\\\\\000\0\ara\d
=024  7\$aprinceton_aco003669$2local
=035  \\$a(OCoLC)ocm42830705
=035  \\$9CNJ5553TS
=040  \\$aPUL$cPUL
=100  1\$aĀl Muʻammar, Ḥamad ibn Nāṣir,$d1747-1810.$0http://id.loc.gov/authorities/names/n88287953
=245  13$aal-Fawākih al-ʻidhāb fī al-radd ʻalā man yuhkim al-sunnah wa-al-kitāb.
=260  \\$aal-Riyāḍ,$bMuʾassasat al-Nūr lil-Ṭibāʻah wa-al-tajlīd$c[195-?]
=300  \\$a78 p.$c17 cm.
=546  \\$aIn Arabic.
=650  \0$aWahhābīyah.$0http://id.loc.gov/authorities/subjects/sh85144813
=945  \\$aF$b1$c2271.46576 I18.334
=911  \\$a20000130
=852  00$03097632$brcppa$t1$hBP195.W2$iA468 1950z$xtr fr nec
=959  \\$a2009-06-30 11:55:59 -0400

