=LDR  00795cam a22002655  4500
=001  2787009
=003  NjP
=005  20150109130458.0
=008  991117s191u\\\\ua\\\\\\\\\\\\000\0\ara\d
=024  7\$aprinceton_aco004296$2local
=035  \\$a(OCoLC)ocm42840641
=035  \\$9CNJ5999TS
=040  \\$aPUL$cPUL
=100  2\$aAbū al-ʻAzāʾim, Muḥammad Māḍī.
=245  03$aal-Tāʾibūn.
=260  \\$a[Cairo]$bMaṭbaʻat al-Tawakkul$c[191-?]
=300  \\$a64 p.$c18 cm.
=546  \\$aIn Arabic.
=650  \0$aRepentance$xIslam.
=856  4\$uhttp://hdl.handle.net/2027/njp.32101073833327
=945  \\$aF$b1$c2262.123225.389
=911  \\$a20000130
=852  80$03097972$brcppa$t1$h2262.123225.389$xtr fr f
=852  8\$08750267$belf1$hElectronic Resource
=959  \\$a2000-06-08 00:00:00 -0500

