=LDR  00709cam a22002415  4500
=001  2787052
=003  NjP
=005  20100810162241.0
=008  991117s1959\\\\sy\\\\\\\\\\\\000\0\ara\d
=024  7\$aprinceton_aco001967$2local
=035  \\$a(OCoLC)ocm42840823
=035  \\$9CNJ6042TS
=040  \\$aPUL$cPUL
=100  1\$aʻAjlānī, ʻAdnān,$d1917-
=245  03$aal-Qaḍāʾ al-idārī wa-majlis al-dawlah.
=260  \\$aDamascus,$bMaṭbaʻat Jāmiʻat Dimashq,$c1959.
=300  \\$a373 p.$c25 cm.
=546  \\$aIn Arabic.
=650  \0$aAdministrative law$zSyria.
=945  \\$aF$b1$c2262.221.374
=911  \\$a20000130
=852  00$03098015$bnec$t1$hJQ1826.A58$iA353 1959
=959  \\$a2009-06-29 12:44:10 -0400

