=LDR  00635nam a22002175  4500
=001  2787275
=003  NjP
=008  991117s1960\\\\sy\a\\\\\\\\\\000\0\ara\d
=024  7\$aprinceton_aco004600$2local
=035  \\$a(OCoLC)ocm42847054
=035  \\$9CNJ6274TS
=040  \\$aPUL$cPUL
=100  1\$aSubḥ, Ḥusnī,$d1900-
=245  00$aMūjaz mabādiʾ ʻilm al-amrāḍ ...
=260  \\$aDamascus,$bMaṭbaʻat Jāmiʻat Dimashq,$c1960.
=300  \\$a405 p.$billus.$c25 cm.
=546  \\$aIn Arabic.
=945  \\$aF$b1$c2271.975.366
=911  \\$a20000130
=852  80$03098238$brcppa$t1$h2271.975.366$xtr fr f
=959  \\$a2009-06-30 15:38:31 -0500

