=LDR  00756cam a22002415  4500
=001  2787289
=003  NjP
=005  20171013180953.0
=008  991117s195u\\\\sy\a\\\\\\\\\\000\0\ara\d
=024  7\$aprinceton_aco002513$2local
=035  \\$a(OCoLC)ocm42847085
=035  \\$9CNJ6288TS
=040  \\$aPUL$cPUL
=100  1\$aṢawwāf, Muṣṭafā Kāmil.
=245  00$aTaʾrīkh al-ḥayāh al-mūsīqīyah ...
=260  \\$a[Damascus]$bDār al-Yaqẓah$c[195-?]
=300  \\$a559 p.$billus.$c25 cm.
=546  \\$aIn Arabic.
=650  \0$aMusic$vBio-bibliography.$0http://id.loc.gov/authorities/subjects/sh85088778
=945  \\$aF$b1$c2274.85741.389
=911  \\$a20000130
=852  00$03098252$bnec$t1$hML105$i.S299 1950z
=959  \\$a2009-07-01 15:42:44 -0500

