=LDR  01088cam a22003735  4500
=001  2787365
=003  NjP
=005  20190710123715.0
=008  991118m19569999sy\a\\\\\\\\\\000\0\ara\d
=024  7\$aprinceton_aco004617$2local
=035  \\$a2787365
=040  \\$aPUL$cPUL$dPUL
=035  \\$9CNJ6364TS
=035  \\$a(NjP)2787365
=069  \\$aARABIC SCRIPT PROJECT -- RUN MACRO 2
=049  \\$aPULL
=019  \\$a42847261$a1015448116
=035  \\$a(OCoLC)on1017818655$z(OCoLC)ocm42847261$z(OCoLC)on1015448116
=100  1\$6880-01$aMārik, Fahd.
=245  00$6880-02$aMin shiyam al-ʻArab ...
=260  \\$a[Damascus,$c1956-
=300  \\$av.$billus.$c25 cm.
=546  \\$aIn Arabic.
=650  \0$aArabs$xSocial life and customs.
=880  1\$6100-01/r$aمارك، فهد.
=880  00$6245-02/r$aمن شيم العرب ...
=911  \\$a20000130
=994  \\$aC0$bPUL
=999  \\$a2787365
=979  \\$a(OCoLC)ocn178685192
=979  \\$a(OCoLC)ocm42847261
=852  81$03098328$brcppa$t1$h2272.62199.364$xtr fr f
=866  \0$03098328$av.1
=959  \\$a2005-11-02 12:34:36 -0500

