=LDR  00798cam a22002295  4500
=001  2787369
=003  NjP
=005  20010104153334.0
=008  991118s1930\\\\ua\\\\\\\\\\\\000\0\ara\d
=024  7\$aprinceton_aco004411$2local
=035  \\$a(OCoLC)ocm42847271
=035  \\$9CNJ6368TS
=040  \\$aPUL$cPUL
=100  1\$aMarrākushī, Muḥammad ibn Muḥammad ibn ʻAbd Allāh.
=245  03$aal-Yawāqīt al-ʻaṣrīyah al-muḥtawiyah ʻalā sittat kutub fī ahamm al-tawārīkh wa-al-ḥawādith wa-al-aḥwāl al-waqtīyah ...
=260  \\$aCairo,$bMuṣṭafā al-Bābī,$c1349 [1930]
=300  \\$a400 p.$c26 cm.
=546  \\$aIn Arabic.
=945  \\$aF$b1$c2272.6227.398
=911  \\$a20000130
=852  80$03098332$brcppa$t1$h2272.6227.398$xtr fr f
=959  \\$a2009-06-30 16:13:35 -0500

