=LDR  01176cam a22003615  4500
=001  2787398
=003  NjP
=005  20170516151437.0
=008  991118s1963\\\\sy\\\\\\\\\\\\000\0\ara\d
=024  7\$aprinceton_aco002889$2local
=035  \\$a(OCoLC)ocn178685634
=035  \\$a(OCoLC)ocm42847350
=035  \\$a(OCoLC)178685634
=035  \\$9CNJ6397TS
=035  \\$a(NjP)2787398
=040  \\$aPUL$cPUL$dPUL
=049  \\$aPULL
=079  \\$aocm42847350
=100  1\$6880-01$aĀl Yūsuf, ʻAlī ibn Sulaymān,$ecomp.
=245  10$6880-02$aArbaḥ al-biḍāʻah fī muʻtaqad ahl al-Sunnah wa-al-jamāʻah.
=250  \\$6880-03$a[al-Ṭabʻah 2.]
=260  \\$aDamascus,$bal-Maktab al-Islāmī$c[1963]
=300  \\$a81 p.$c24 cm.
=546  \\$aIn Arabic.
=650  \0$aIslam$xCatechisms.
=880  1\$6100-01/r$aآل يوسف، علي بن سليمان
=880  10$6245-02/r$aاربح البضاعة في معتقد اهل السنة والجماعة.
=880  \\$6250-03/r$a[الطبعة 2.]
=911  \\$a20000130
=994  \\$aC0$bPUL
=999  \\$a2787398
=852  00$03098361$brcppa$t1$hBP165.5$i.A498 1963$xtr fr nec
=959  \\$a2009-06-29 12:48:32 -0500

