=LDR  01352cam a22003735  4500
=001  2787530
=003  NjP
=005  20171013181013.0
=008  991118m1962uuuuiq\\\\\\\\\\\\000\0\ara\d
=024  7\$aprinceton_aco003340$2local
=035  \\$a(OCoLC)ocn178687457
=035  \\$a(OCoLC)ocm42852203
=035  \\$a(OCoLC)178687457
=035  \\$9CNJ6535TS
=035  \\$a(NjP)2787530
=040  \\$aPUL$cPUL$dPUL
=049  \\$aPULL
=079  \\$aocm42852203
=100  1\$6880-01$aShāhrūdī, Maḥmūd al-Ḥusaynī.
=245  00$6880-02$aḤāshiyat al-ʼurwah al-wuthqā.
=260  \\$aal-Naja,$c1382- [1962 or 3-
=300  \\$av.
=650  \0$aIslam$xCustoms and practices.$0http://id.loc.gov/authorities/subjects/sh87005732
=650  \0$aShiites.$0http://id.loc.gov/authorities/subjects/sh85121432
=600  10$6880-03$aṬabāṭabāʼī al-Yazdī, Muḥammad Kāẓim,$d-1919.$0http://id.loc.gov/authorities/names/n86099941
=880  1\$6100-01/r$aشاهرودي، محمود الحسيني.
=880  00$6245-02/r$aحاشية العروة الوثقا.
=880  14$6600-03/r$aطباطبائي اليزدي، محمد كاظم،$d-1919.
=911  \\$a20000130
=994  \\$aC0$bPUL
=999  \\$a2787530
=852  01$03098493$brcppa$t1$hBP174$i.S534 1962$xtr fr nec
=866  \0$03098493$av.1
=959  \\$a2009-07-07 13:14:25 -0400

