=LDR  00797cam a22002415  4500
=001  2787701
=003  NjP
=005  20160414100235.0
=008  991119s1932\\\\sy\\\\\\\\\\\\000\0\ara\d
=024  7\$aprinceton_aco004472$2local
=035  \\$a(OCoLC)ocm42857466
=035  \\$9CNJ6712TS
=040  \\$aPUL$cPUL
=100  1\$aDahhān, ʻAbd al-Qādir.
=245  03$aal-Sulūk al-khādimah li-jamīʻ al-ṭuruq.$cJamʻ ʻAbd al-Qādir al-Dahhān wa-Muḥammad Rajab al-Ṭāʾī.
=260  \\$aAleppo,$bal-Maṭbaʻah al=ʻIlmīyah,$c1351 [1932/3]
=300  \\$a48 p.$c17 cm.
=546  \\$aIn Arabic.
=700  1\$aṬāʾī, Muḥummad Rajab,$eauthor.
=945  \\$aF$b1$c2269.256.389
=911  \\$a20000130
=852  80$03098665$brcppa$t1$h2269.256.389$xtr fr f
=959  \\$a2009-06-29 15:58:53 -0500

