=LDR  01060cam a22003375  4500
=001  2787704
=003  NjP
=005  20171013181026.0
=008  991119s1953\\\\sy\\\\\\\\\\\\000\0\ara\d
=024  7\$aprinceton_aco003066$2local
=035  \\$a(OCoLC)ocn178689955
=035  \\$a(OCoLC)ocm42857745
=040  \\$aPUL$cPUL$dPUL
=035  \\$a(OCoLC)178689955
=035  \\$9CNJ6715TS
=035  \\$a(NjP)2787704
=079  \\$aocm42857745
=049  \\$aPULL
=100  1\$6880-01$aDaqir, ʻAbd al-Ghanī.
=245  00$6880-02$aMuḥāḍarāt fī al-dīn wa-al-taʼrīkh wa-al-ijtimāʻ.
=260  \\$a[Damascus?$c1953]
=300  \\$a230 p.$c23 cm.
=546  \\$aIn Arabic.
=650  \0$aIslam.$0http://id.loc.gov/authorities/subjects/sh85068390
=880  1\$6100-01/r$aدقر، عبد الغني.
=880  00$6245-02/r$aمحاضرات في الدين والتأريخ والاجتماع.
=911  \\$a20000130
=994  \\$aC0$bPUL
=999  \\$a2787704
=852  00$03098668$brcppa$t1$hBP161.2$i.D375 1953$xtr fr nec
=959  \\$a2009-06-29 16:02:27 -0500

