=LDR  01263cam a22003375  4500
=001  2787790
=003  NjP
=005  20170516151440.0
=008  991119s1941\\\\ua\a\\\\\\\\\\000\0\ara\d
=024  7\$aprinceton_aco002562$2local
=035  \\$a(OCoLC)ocn178691153
=035  \\$a(OCoLC)ocm42861430
=040  \\$aPUL$cPUL$dPUL
=035  \\$a(OCoLC)178691153
=035  \\$9CNJ6812TS
=035  \\$a(NjP)2787790
=079  \\$aocm42861430
=049  \\$aPULL
=100  1\$6880-01$aAbāẓah, Fuʼād.
=245  00$6880-02$aKitāb ʻan al-maʻriḍ al-zirāʻī al-ṣināʻī al-khāmis ʻashar min 15 Fabrāyir sanat 1936 ilā 15 Abrīl sanat 1936.
=300  \\$a323 p.$billus.$c24 cm.
=546  \\$aIn Arabic.
=710  1\$6880-03$aCairo (Egypt).$bMaʻriḍ al-Zirāʻī al-Ṣināʻī, 1936.
=880  1\$6100-01/r$aاباظة، فؤاد.
=880  00$6245-02/r$aكتاب عن المعرض الزراعي الصناعي الخامس عشر من 15 فبراير سنة 1936 الا 15 ابريل سنة 1936.
=880  1\$6710-03/r$aCairo (مصر).$bمعرض الزراعي الصناعي، 1936.
=911  \\$a20000130
=994  \\$aC0$bPUL
=999  \\$a2787790
=852  0\$03098754$bnec$t1$hS557.E32$iA239 1941
=959  \\$a2000-06-13 00:00:00 -0500

