=LDR  01031cam a22003255  4500
=001  2787791
=003  NjP
=005  20170516151440.0
=008  991119q19611962ir\\\\\\\\\\\\000\0\ara\d
=024  7\$aprinceton_aco003526$2local
=035  \\$a(OCoLC)ocn178691168
=035  \\$a(OCoLC)ocm42861435
=040  \\$aPUL$cPUL$dPUL
=035  \\$a(OCoLC)178691168
=035  \\$9CNJ6813TS
=035  \\$a(NjP)2787791
=079  \\$aocm42861435
=049  \\$aPULL
=100  1\$6880-01$aTabrīzī, Jawād Āghā ibn Shafīʻ,$dd. 1925.
=245  03$6880-02$aal-Muraqabāt "Aʻmāl al-Sunnah".
=260  \\$a[Tehran]$bChāpkhāneh-yi Ḥaydarī,$c1381 [1961 or 2]
=300  \\$a8, 300 p.$c24 cm.
=546  \\$aIn Arabic.
=880  1\$6100-01/r$aتبريزي، جواد آغا بن شفيع،$dd. 1925.
=880  02$6245-02/r$aالمرقبات "عمال السنه".
=911  \\$a20000130
=994  \\$aC0$bPUL
=999  \\$a2787791
=852  00$03098755$brcppa$t1$hBP194.7$i.T337 1961$xtr fr nec
=959  \\$a2009-07-02 12:40:37 -0400

