=LDR  00783cam a22002415  4500
=001  2787873
=003  NjP
=005  20171013181041.0
=008  991120s1964\\\\iq\a\\\\\\\\\\000\0\ara\d
=024  7\$aprinceton_aco004022$2local
=035  \\$a(OCoLC)ocm42862593
=035  \\$9CNJ6902TS
=040  \\$aPUL$cPUL
=100  1\$aJawharchī, Muḥammad Ṣāliḥ.
=245  10$aḌiyāʾ al-ṣāliḥīn ...
=260  \\$aal-Najaf,$bMaṭbaʻat al-Ādāb,$c1381 [1964/65]
=300  \\$a558 p.$billus.$c18 cm.
=546  \\$aIn Arabic.
=650  \0$aIslam$vPrayers and devotions.$0http://id.loc.gov/authorities/subjects/sh85068403
=945  \\$aF$b1$c2271.505483 J496.331
=911  \\$a20000130
=852  00$03098837$brcppa$t1$hBP183.3$i.J394 1965$xtr fr nec
=959  \\$a2009-06-30 13:59:09 -0400

