=LDR  00698cam a22002415  4500
=001  2788045
=003  NjP
=005  20100810171333.0
=008  991120s1961\\\\sy\a\\\\\f\\\\000\0\ara\d
=024  7\$aprinceton_aco002561$2local
=035  \\$a(OCoLC)ocm42865703
=035  \\$9CNJ7078TS
=040  \\$aPUL$cPUL
=100  1\$aKhāṭir, Murshid,$d1888-
=245  00$aFann al-tamrīd.
=260  \\$aDamascus,$bMaṭbaʻat Jāmiʻat Dimashq$c[1961]
=300  \\$a691 p.$billus.$c26 cm.
=546  \\$aIn Arabic.
=650  \0$aNurses and nursing$vHandbooks, manuals, etc.
=945  \\$aF$b1$c2271.50889.333
=911  \\$a20000130
=852  00$03099009$bnec$t1$hRT51$i.K438 1961
=959  \\$a2009-06-30 14:56:13 -0500

