=LDR  00804cam a22002415  4500
=001  2788070
=003  NjP
=005  20171013181100.0
=008  991120s1961\\\\sy\a\\\\\\\\\\000\0\ara\d
=024  7\$aprinceton_aco002061$2local
=035  \\$a(OCoLC)ocm42865737
=035  \\$9CNJ7103TS
=040  \\$aPUL$cPUL
=110  2\$aMuʾassasat al-Lājiʾīn al-Filasṭīnīyīn al-ʻArab (Syria).$bal-Mudīrīyah al-ʻĀmmah.
=245  00$aMan hum? ...$cal-lājiʾūn al-Filasṭīnīyūn.
=260  \\$a[Damascus,$c1961]
=300  \\$a47 p.$billus.$c20 cm.
=546  \\$aIn Arabic.
=650  \0$aRefugees, Arab.$0http://id.loc.gov/authorities/subjects/sh85112307
=945  \\$aF$b1$c2272.66104.361
=911  \\$a20000130
=852  00$03099034$bnec$t1$hHV640.5.A6$iM837 1961
=959  \\$a2009-06-30 16:33:58 -0400

