=LDR  01173cam a22003375  4500
=001  2788073
=003  NjP
=005  20190705144925.0
=008  991120s1920\\\\ti\\\\\\\\\\\\000\0\ara\d
=024  7\$aprinceton_aco004456$2local
=035  \\$9CNJ7106TS
=035  \\$a(NjP)2788073
=040  \\$aPUL$cPUL$dPUL
=049  \\$aPULL
=035  \\$a(OCoLC)ocm42865740
=100  1\$6880-01$aKhaznadār, Muḥammad al-Shādhilī,$d1881 or 2-
=245  00$6880-02$aḤayāt al-shiʻr wa-aṭwāruh;$bmusāmarah.
=260  \\$6880-03$aTunis,$bal-Maṭbaʻah al-Tūnisīyah,$c1920.
=300  \\$a52 p.$c22 cm.
=546  \\$aIn Arabic.
=880  1\$6100-01/r$aخزنهدار، محمد الشاذلي،$d1881 or 2-
=880  00$6245-02/r$aحياة الشعر واطواره؛$bمسامرة.
=880  \\$6260-03/r$aتونس،$bالمطبعة التونسية،$c1920.
=856  4\$uhttp://hdl.handle.net/2027/njp.32101074072388
=911  \\$a20000130
=994  \\$aC0$bPUL
=999  \\$a2788073
=979  \\$a(OCoLC)ocn178694929
=852  80$03099037$brcppa$t1$h2271.50922.K43.342$xtr fr f
=852  8\$08750365$belf1$hElectronic Resource
=959  \\$a2000-06-08 00:00:00 -0500

