=LDR  01030cam a22002895  4500
=001  2788149
=003  NjP
=005  20171013181107.0
=008  991121s1952\\\\ua\\\\\\\b\\\\000\0\ara\d
=024  7\$aprinceton_aco002560$2local
=035  \\$a(OCoLC)ocm42866588
=035  \\$9CNJ7185TS
=040  \\$aPUL$cPUL
=100  1\$aQūṣī, ʻAbd al-ʻAzīz,$d1906-$0http://id.loc.gov/authorities/names/n84034931
=245  00$aUsus al-ṣiḥḥah al-nafsīyah ...
=260  \\$aCairo,$c1952.
=300  \\$a505 p.$c24 cm.
=546  \\$aTitle-page and text in Arabic.
=504  \\$aBibliography at end of each chapter.
=500  \\$a4th ed.
=650  \0$aChild care.$0http://id.loc.gov/authorities/subjects/sh85023354
=650  \0$aChildren$xHealth and hygiene.$0http://id.loc.gov/authorities/subjects/sh85023425
=650  \0$aMental health.$0http://id.loc.gov/authorities/subjects/sh85083615
=945  \\$aF$b1$c2271.50982.392.1952
=911  \\$a20000130
=852  0\$03099113$bnec$t1$hRJ111$i.K6 1952
=959  \\$a2009-06-30 15:22:03 -0500

