=LDR  00900cam a22002655  4500
=001  2788152
=003  NjP
=005  20171013181108.0
=008  991121m19619999sy\a\\\\\\\\\\000\0\ara\d
=024  7\$aprinceton_aco002220$2local
=035  \\$a(OCoLC)ocm42866599
=035  \\$9CNJ7189TS
=040  \\$aPUL$cPUL
=100  1\$aKurbāj, Muhannā.
=245  10$aTārīkh rijālāt Jabal al-ʻArab bayna al-Māḍī wa-al-ḥāḍir.
=260  \\$aDamascus,$bMaṭbaʻat al-Iʻtidāl,$c1961-
=300  \\$av.$billus.$c21 cm.
=546  \\$aIn Arabic.
=650  \0$aDruzes.$0http://id.loc.gov/authorities/subjects/sh85039793
=651  \0$aSyria$xHistory$yInsurrection, 1925-1927.$0http://id.loc.gov/authorities/subjects/sh85131705
=945  \\$aF$b1$c2271.5267.389$ev.1
=911  \\$a20000130
=852  01$03099116$bnec$t1$hDS98$i.K873 1961
=866  \0$03099116$80$av.1
=959  \\$a2009-06-30 15:23:28 -0400

