=LDR  01350cam a22003375  4500
=001  2788179
=003  NjP
=005  20190705144928.0
=008  991121s1955\\\\ua\\\\\\\\\\\\000\0\ara\d
=024  7\$aprinceton_aco004641$2local
=040  \\$aPUL$cPUL$dPUL
=035  \\$9CNJ7216TS
=035  \\$a(NjP)2788179
=049  \\$aPULL
=035  \\$a(OCoLC)ocm42866663
=110  2\$6880-01$aLeague of Arab States.$bal-Idārah al-Iqtiṣādīyah.
=245  00$6880-02$aMuʼtamar wuzarāʼ al-māl wa-al-iqtiṣād al-ʻarabī, Bayrūt, 25-31 māyū ... 1953.
=246  30$6880-03$aMuʼtamar wuzarāʼ al-māl wa-al-iqtiṣād al-ʻarabī
=260  \\$6880-04$aCairo,$bMaṭbaʻat Jarīdat al-Ṣabāḥ,$c1955.
=300  \\$a454 p.$c28 cm.
=546  \\$aIn Arabic.
=880  2\$6110-01/r$aLeague of Arab States.$bالادارة الاقتصادية.
=880  00$6245-02/r$aمؤتمر وزراء المال والاقتصاد العربي، بيروت، 25-31 مايوا ... 1953.
=880  30$6246-03/r$aمؤتمر وزراء المال والاقتصاد العربي
=880  \\$6260-04/r$aCairo،$bمطبعة جريدة الصباح،$c1955.
=911  \\$a20000130
=994  \\$aC0$bPUL
=999  \\$a2788179
=979  \\$a(OCoLC)ocn178696409
=852  80$03099143$brcppa$t1$h2271.5746.367$xtr fr f
=959  \\$a2009-06-30 15:32:49 -0500

