=LDR  01031cam a22002775  4500
=001  2788658
=003  NjP
=005  20171013181150.0
=008  991124s1971\\\\ir\\\\\\\\\\\\000\0\ara\d
=024  7\$aprinceton_aco003208$2local
=035  \\$a(OCoLC)ocm42887188
=035  \\$9CNJ7800TS
=040  \\$aPUL$cPUL
=100  1\$aTihrānī, Muḥammad Hādī ibn Muḥammad Amīn,$dd. 1903 or 4.
=245  10$aWadāyiʻ al-nubūwah.
=260  \\$a[Tihrān,$bMaktabat al-Ṣadr]$c1391 [1971]
=300  \\$a407 p.$c25 cm.
=490  0\$aManshūrāt Maktabat Dār al-Ilm, Āyat Allāh al-Bihbihānī bi-Ahwāz
=546  \\$aIn Arabic.
=650  \0$aPurity, Ritual$xIslam.$0http://id.loc.gov/authorities/subjects/sh85109199
=650  \0$aIslamic law.$0http://id.loc.gov/authorities/subjects/sh85068454
=650  \0$aShiites.$0http://id.loc.gov/authorities/subjects/sh85121432
=945  \\$aF$b1$c2276.9033.394
=911  \\$a20000130
=852  00$03099625$brcppa$t1$hBP184.4$i.T547 1971$xtr fr nec
=959  \\$a2009-07-02 14:55:21 -0400

