=LDR  03660cam a2200541 a 4500
=001  2789999
=003  NjP
=005  20190705144938.0
=008  000203s1891\\\\mr\\\\\\\\\\\\000\0\ara\d
=024  7\$aprinceton_aco004383$2local
=040  \\$aNjP$cPUL$dPUL
=035  \\$9CNJ9177TS
=035  \\$a(NjP)2789999
=049  \\$aPULL
=035  \\$a(OCoLC)ocm84492565
=100  1\$6880-01$aIbn al-Ḥājj, Aḥmad ibn Muḥammad.
=240  10$6880-02$aFatḥ al-wadūdī ʻalá sharḥ al-Makkūdī li-Alfīyat Ibn Mālik
=245  10$6880-03$aḤāshiyat al-faqīh al-ʻālim al-ʻallāmah al-amjad al-muḥaqqiq ... Abī al-ʻAbbās Sayyidī Aḥmad ibn Muḥammad ibn Ḥamdūn ibn al-Ḥājj ʻalá Sharḥ al-Imām al-ʻārif billāh al-ʻallāmah al-muḥaqqiq Abī Zayd Sayyidī ʻAbd al-Raḥmān al-Makkūdī.
=246  1\$6880-04$iTitle on v. 2, t.p.:$aJuzʼ al-thānī min Ḥāshiyat al-ʻārif al-muḥaqqiq al-mushārī Sayyidī Aḥmad ibn al-Ḥājj ʻalá Sharḥ al-Imām al-shahīr bi-al-Sayyidī ʻAbd al-Raḥmān al-Makkūdī
=260  \\$a[Morocco :$bs.n.],$c1308 [1891]
=300  \\$a2 v. ;$c23 cm.
=500  \\$6880-05$a"al-Ḥāshiyah bi-al-aṣl wa-al-sharḥ bi-al-hāmish."
=600  10$6880-06$aMakkūdī, ʻAbd al-Raḥmān ibn ʻAlī,$d-1404 or 1405.$tSharḥ al-Makkūdī ʻalá Alfīyat Ibn Mālik.
=600  10$6880-07$aIbn Mālik, Muḥammad ibn ʻAbd Allāh,$dd. 1274.$tAlfīyah.$0http://id.loc.gov/authorities/names/n83056203
=650  \0$aArabic language$xGrammar$vEarly works to 1800.$0http://id.loc.gov/authorities/subjects/sh86000284
=655  \7$aLithographs$zMorocco$y1891$2gmgpc
=700  12$6880-08$aMakkūdī, ʻAbd al-Raḥmān ibn ʻAlī,$d-1404 or 1405.$tSharḥ al-Makkūdī ʻalá Alfīyat Ibn Mālik.$0http://id.loc.gov/authorities/names/nr92026099
=740  0\$6880-09$aSharḥ al-Makkūdī ʻalá Alfīyat Ibn Mālik.
=856  4\$uhttp://catalog.hathitrust.org/Record/009036535
=880  1\$6100-01/r$aابن الحاج، احمد بن محمد.
=880  10$6240-02/r$aفتح الودودي على شرح المكودي لالفية ابن مالك
=880  10$6245-03/r$aحاشية الفقيه العالم العلامة الامجد المحقق ... ابي العباس سيدي احمد بن محمد بن حمدون بن الحاج على شرح الامام العارف بالله العلامة المحقق ابي زيد سيدي عبد الرحمن المكودي.
=880  1\$6246-04/r$iTitle on v. 2, t.p.:$aجزء الثاني من حاشية العارف المحقق المشاري سيدي احمد بن الحاج على شرح الامام الشهير بالسيدي عبد الرحمن المكودي
=880  \\$6500-05/r$a"الحاشية بالاصل والشرح بالهامش."
=880  14$6600-06/r$aمكودي، عبد الرحمن بن علي،$d-1404 or 1405.$tشرح المكودي على الفية ابن مالك.
=880  10$6600-07/r$aابن مالك، محمد بن عبد الله،$dd. 1274.$tالفية.
=880  12$6700-08/r$aمكودي، عبد الرحمن بن علي،$d-1404 or 1405.$tشرح المكودي على الفية ابن مالك.
=880  0\$6740-09/r$aشرح المكودي على الفية ابن مالك.
=948  \\$ajeb
=911  \\$a20000203
=912  \\$a20000218040356.0
=994  \\$aC0$bPUL
=999  \\$a2789999
=979  \\$a(OCoLC)ocn178711760
=852  80$03101055$brcppa$t1$h2272.66548.739 1891$xtr fr f
=866  \0$03101055$aJuz 1-2
=852  8\$08750460$belf1$hElectronic Resource
=959  \\$a2000-06-08 00:00:00 -0500

