=LDR  02419cam a2200481 a 4500
=001  2790900
=003  NjP
=005  20170516151453.0
=008  000204s1918\\\\mr\\\\\\\\\\\\000\0cara\d
=024  7\$aprinceton_aco002483$2local
=035  \\$a(OCoLC)ocn178715195
=035  \\$a(OCoLC)178715195
=035  \\$9CNK0304TS
=035  \\$a(NjP)2790900
=040  \\$aNjP$cPUL$dPUL
=043  \\$af-mr---
=049  \\$aPULL
=079  \\$aocm78114830
=100  1\$6880-01$aMuwaqqat, Muḥammad bin Muḥammad bin ʻAbd Allāh.
=240  10$6880-02$aSaʻādah al-abadīyah fī al-taʻrīf al-mashāhīr al-ḥaḍrah al-Marrākushīyah
=245  13$6880-03$aal-Juzʼ al-awwal[-al-juzʼ al-thānī] min al-Saʻādah al-abadīyah fī al-taʻrīf al-mashāhīr al-ḥaḍrah al-Marrākushīyah /$clil-faqīr Muḥammad bin Muḥammad bin ʻAbd Allāh al-madʻū bi-Ibn Muwaqqat.
=246  30$6880-04$aSaʻādah al-abadīyah fī al-taʻrīf al-mashāhīr al-ḥaḍrah al-Marrākushīyah
=260  \\$6880-05$a[Fès] :$bKātibat Ismāʻīl bin al-Maʼmūn al-Idrīsī al-Qayṭūnī,$c1336 [1918]
=300  \\$a2 v. in 1 ;$c22 cm.
=500  \\$aCaption title.
=651  \0$aMarrakesh (Morocco)$vBiography.
=651  \0$aMarrakesh (Morocco)$xHistory.
=650  \0$aArabs$vBiography.
=655  \7$aLithographs$zMorocco$zFès$y1918$2gmgpc
=880  1\$6100-01/r$aموقة، محمد بن محمد بن عبد الله.
=880  10$6240-02/r$aسعادة الابدية في التعريف المشاهير الحضرة المراكشية
=880  12$6245-03/r$aالجزء الاول[الجزء الثاني] من السعادة الابدية في التعريف المشاهير الحضرة المراكشية /$cللفقير محمد بن محمد بن عبد الله المدعوا بابن موقة.
=880  30$6246-04/r$aسعادة الابدية في التعريف المشاهير الحضرة المراكشية
=880  \\$6260-05/r$a[فáس] :$bكاتبة اسماعيل بن المأمون الادريسي القيطوني،$c1336 [1918]
=856  4\$uhttp://hdl.handle.net/2027/njp.32101035012135
=948  \\$ajeb
=911  \\$a20000204
=912  \\$a20000204042348.0
=994  \\$aC0$bPUL
=999  \\$a2790900
=852  00$03101982$bnec$t1$hDT313.75$i.I58 1918
=852  8\$08750463$belf1$hElectronic Resource
=959  \\$a2000-06-08 00:00:00 -0500

