=LDR  01292cam a2200325M  4500
=001  2826097
=003  NjP
=005  20171018173504.0
=008  840909s1967\\\\iq\\\\\\\b\\\\000\0\arao\
=024  7\$aprinceton_aco002930$2local
=010  \\$a   71265056  
=035  \\$a(OCoLC)ocm21659654
=035  \\$9CNQ6436TS
=040  \\$aDLC$cCUY$dPUL
=043  \\$aar-----
=050  0\$aBP134.E7$bS24
=100  1\$aṢaffār, Ibtisām Marhūn.
=245  13$aal-Taʻābīr al-Qurʹānīyah wa-al-bīʹah al-ʻArabīyah$bfī mashāhid al-qiyāmah,$ctaʹlīf Ibtisām Marhūn al-Ṣaffār.
=250  \\$a[al-Ṭabʻah 1.]
=260  \\$aal-Najaf,$bMaṭbaʻat al-Ādāb,$c1966 [i.e. 1967]
=300  \\$a384 p.$c25 cm.
=504  \\$aBibliography: p. 319-347.
=630  00$aEthnology in the Koran.$0http://id.loc.gov/authorities/subjects/sh85072964
=630  00$aQurʼan$xGeography.$0http://id.loc.gov/authorities/subjects/sh85072966
=630  00$aQurʼan$xLanguage, style.$0http://id.loc.gov/authorities/subjects/sh85072971
=650  \0$aIslamic eschatology$xQurʼanic teaching.$0http://id.loc.gov/authorities/subjects/sh85044793
=945  \\$aF$b1$c2274.7958.389
=911  \\$a20000220
=852  00$03138351$brcppa$t1$hBP134.E7$iS24 1967$xtr fr nec
=959  \\$a2009-07-01 15:03:27 -0500

