=LDR  00967cam a22002775  4500
=001  2834182
=003  NjP
=005  20171019170253.0
=008  991129s1878\\\\ua\\\\\\\\\\\\000\0\ara\d
=024  7\$aprinceton_aco004833$2local
=035  \\$a(OCoLC)ocm42893200
=035  \\$9CNR6531TS
=040  \\$aPUL$cPUL
=100  1\$aṢaffūrī, ʻAbd al-Raḥmān ibn ʻAbd al-Salām,$d-1489.$0http://id.loc.gov/authorities/names/n87907906
=245  00$aNuzhat al-majālis wa-muntakhab al-nafāʼis.
=260  \\$a[Cairo,$c1296 [1878]]
=300  \\$a2 v.$c24 cm.
=546  \\$aIn Arabic.
=856  4\$uhttp://catalog.hathitrust.org/Record/009022083
=945  \\$aF$b1$c2274.7963.368.1878$ev.1-2
=911  \\$a20000220
=852  81$03146624$brcppa$t1$h2274.7963.368.1878$xtr fr f
=866  \0$03146624$80$av.2
=866  \0$03146624$xvol. 1 missing at time of transfer to recap ecm 7-15-2009.
=852  8\$08752754$belf1$hElectronic Resource
=959  \\$a2000-06-08 00:00:00 -0400

