=LDR  00589nam a22002175  4500
=001  2834536
=003  NjP
=008  991201s195u\\\\sy\\\\\\\\\\\\000\0\ara\d
=024  7\$aprinceton_aco004270$2local
=035  \\$a(OCoLC)ocm42906071
=035  \\$9CNR6948TS
=040  \\$aPUL$cPUL
=100  1\$aGhādirī, Nihād.
=245  10$aAḥādīth.
=260  \\$aAleppo,$bMaṭbaʻat al-Ḍād$c[195-?]
=300  \\$a103 p.$c22 cm.
=546  \\$aIn Arabic.
=945  \\$aF$b1$c2269.3745.311
=911  \\$a20000220
=852  80$03146984$brcppa$t1$h2269.3745.311$xtr fr f
=959  \\$a2009-06-30 09:15:14 -0500

