=LDR  01124cam a22003015  4500
=001  2834744
=003  NjP
=005  20190705145004.0
=008  991201s1957\\\\sy\a\\\\\\\\\\000\0\ara\d
=024  7\$aprinceton_aco004408$2local
=040  \\$aPUL$cPUL$dPUL
=035  \\$9CNR7169TS
=035  \\$a(NjP)2834744
=049  \\$aPULL
=035  \\$a(OCoLC)ocm42911012
=100  1\$6880-01$aQuwwatlī, Shukrī$c(Pres. Syria : 1891-)
=245  00$6880-02$aMajmūʻat khuṭab al-raʼīs Shukrī al-Quwwatlī,$braʼīs al-Jumhūrīyah al-Sūrīyah khilal ... Aylūl 1955 ilā Aylūl 1957.
=260  \\$aDamascus,$c1957.
=300  \\$a228 p.$billus.$c24 cm.
=546  \\$aIn Arabic.
=880  1\$6100-01/r$aقوتلي، شكري$c(Pres. Syria : 1891-)
=880  00$6245-02/r$aمجموعة خطب الرأيس شكري القوتلي،$bرأيس الجمهورية السورية خلل ... ايلول 1955 الا ايلول 1957.
=911  \\$a20000220
=994  \\$aC0$bPUL
=999  \\$a2834744
=979  \\$a(OCoLC)ocn178124998
=852  80$03147201$brcppa$t1$h2274.1785.1957$xtr fr f
=959  \\$a2001-01-12 10:35:29 -0500

