=LDR  01430cam a22003615  4500
=001  2834851
=003  NjP
=005  20171019170348.0
=008  991201s197u\\\\ir\\\\\\\\\\\\000\0\ara\d
=024  7\$aprinceton_aco003564$2local
=035  \\$a(OCoLC)ocn178126663
=035  \\$a(OCoLC)ocm42914898
=040  \\$aPUL$cPUL$dPUL
=035  \\$a(OCoLC)178126663
=035  \\$9CNR7277TS
=035  \\$a(NjP)2834851
=079  \\$aocm42914898$zocn234665320
=049  \\$aPULL
=100  1\$6880-01$aShubbar, ʻAbd Allāh ibn Muḥammad Riḍā,$d1774 or 1775-1826 or 1827.$0http://id.loc.gov/authorities/names/n84028208
=245  10$6880-02$aḤaqq al-yaqīn fī maʻrifat uṣūl al-dīn.
=260  \\$6880-03$aTihrān,$bKānūn-i Intishārāt-i ʻĀbidī$c[197-?]
=300  \\$a2 v. in 1.$c25 cm.
=546  \\$aIn Arabic.
=650  \0$aShiites.$0http://id.loc.gov/authorities/subjects/sh85121432
=650  \0$aEschatology, Islamic.$0http://id.loc.gov/authorities/subjects/sh85044792
=880  1\$6100-01/r$aشبر، عبد الله بن محمد رضا،$d1774 or 1775-1826 or 1827.
=880  10$6245-02/r$aحق اليقين في معرفة اصول الدين.
=880  \\$6260-03/r$aتهران،$bكانونا انتشاراتا عابدي$c[197-؟]
=911  \\$a20000220
=994  \\$aC0$bPUL
=999  \\$a2834851
=852  00$03147308$brcppa$t1$hBP194$i.S583 1970z$xtr fr nec
=959  \\$a2009-07-02 08:47:31 -0400

