=LDR  00714cam a22002295  4500
=001  2834887
=003  NjP
=005  20100811084815.0
=008  991202s1949\\\\ua\a\\\\\\\\\\000\0\ara\d
=024  7\$aprinceton_aco002301$2local
=035  \\$a(OCoLC)ocm42914954
=035  \\$9CNR7313TS
=040  \\$aPUL$cPUL
=100  1\$aḤabashī, Ḥasan.
=245  03$aal-Sharq al-ʻArabī bayna shaqqay al-raḥā;$bḥamlat al-Qiddīs Luwīs ʻalā Miṣr wa-al-Shām.
=260  \\$a[Cairo]$bDār al-Fikr al-ʻArabī$c[1949]
=300  \\$a129 p.$billus.$c20 cm.
=546  \\$aIn Arabic.
=945  \\$aF$b1$c2269.3954.385
=911  \\$a20000220
=852  00$03147344$bnec$t1$hDT96$i.H333 1949
=959  \\$a2009-06-30 09:42:50 -0400

