=LDR  00730cam a22002415  4500
=001  2834889
=003  NjP
=005  20100811084815.0
=008  991202s1950\\\\ua\a\\\\\\\\\\000\0\ara\d
=024  7\$aprinceton_aco002347$2local
=035  \\$a(OCoLC)ocm42914957
=035  \\$9CNR7315TS
=040  \\$aPUL$cPUL
=100  1\$aḤabīb, Ibrāhīm Muḥammad.
=245  00$aFī al-arḍ al-muqaddasah.
=260  \\$aCairo,$bMaṭbaʻat al-ʻĀlam al-ʻĀrabī$c[1950]
=300  \\$a176 p.$b1 illus.$c20 cm.
=546  \\$aIn Arabic.
=651  \0$aHejaz (Saudi Arabia)$xDescription and travel.
=945  \\$aF$b1$c2269.39543.334
=911  \\$a20000220
=852  00$03147346$bnec$t1$hDS247.9.H45$iH335 1950
=959  \\$a2009-06-30 09:43:47 -0400

