=LDR  01105cam a22003615  4500
=001  2834894
=003  NjP
=005  20170516151511.0
=008  991202s1952\\\\ua\\\\\\\\\\\\000\0\ara\d
=024  7\$aprinceton_aco002887$2local
=035  \\$a(OCoLC)ocn178127351
=035  \\$a(OCoLC)ocm42914995
=040  \\$aPUL$cPUL$dPUL
=035  \\$a(OCoLC)178127351
=035  \\$9CNR7320TS
=035  \\$a(NjP)2834894
=079  \\$aocm42914995
=049  \\$aPULL
=100  1\$6880-01$aʻAbd al-Laṭīf, ʻAbd al-Wahhāb.
=245  03$6880-02$aal-Mukhtaṣar fī ʻilm rijāl al-athar.
=250  \\$a3d ed.
=260  \\$6880-03$aCairo,$bDār al-taʼlīf,$c1952.
=300  \\$a224 p.$c22 cm.
=546  \\$aIn Arabic.
=650  \0$aHadith.
=880  1\$6100-01/r$aعبد اللطيف، عبد الوهاب.
=880  02$6245-02/r$aالمختصر في علم رجال الاثر.
=880  \\$6260-03/r$aر،$bدار التأليف،$c1952.
=911  \\$a20000220
=994  \\$aC0$bPUL
=999  \\$a2834894
=852  00$03147351$brcppa$t1$hBP135$i.A423 1952$xtr fr nec
=959  \\$a2009-06-30 09:47:42 -0500

