=LDR  01375cam a22003855  4500
=001  2834963
=003  NjP
=005  20100623102012.0
=008  991202s1954\\\\sy\\\\\\\\\\\\000\0\ara\d
=024  7\$aprinceton_aco002193$2local
=035  \\$a(OCoLC)ocn178128368
=035  \\$a(OCoLC)ocm42915156
=040  \\$aPUL$cPUL$dPUL
=066  \\$c(3
=035  \\$a(OCoLC)178128368
=035  \\$9CNR7389TS
=035  \\$a(NjP)2834963
=079  \\$aocm42915156$zocm81122949
=090  \\$aDS98$b.H33 1954
=049  \\$aPULL
=100  1\$6880-01$aḤaffār, Luṭfī,$d1891-
=245  10$6880-02$aDhikrayāt; muntakhabāt min khuṭ̄ab wa-aḥādīth wa-maqālāt ...$bʻUniya bi-jamʻihā wa-nashrihā Wajīh Bayḍūn.
=260  \\$6880-03$a[Damascus] :$bMaṭābiʻ Ibn Zaydūn,$c1954.
=300  \\$a2 v.$c24 cm.
=546  \\$aIn Arabic.
=880  1\$6100-01/(3/r$aحفار، لطفي،$d1891-
=880  10$6245-02/(3/r$aذكريات؛ منتخبات من خطب واحاديث ومقالات ...$bعني بجمعها ونشرها وجيه بيضون.
=880  \\$6260-03/(3/r$a[دمشق] :$bمطابع ابن زيدون،$c1954.
=911  \\$a20000220
=994  \\$aC0$bPUL
=999  \\$a2834963
=902  \\$ajab$br$6a$7m$dv$f0$e20100623
=852  01$03147420$bnec$hDS98$i.H33 1954
=866  \0$03147420$80$aVol. 1-v. 2
=959  \\$a2009-07-06 14:58:27 -0400

