=LDR  01084cam a22003495  4500
=001  2834968
=003  NjP
=005  20190705145009.0
=008  991202s1916\\\\ua\\\\\\\\\\\\000\0\ara\d
=024  7\$aprinceton_aco004192$2local
=040  \\$aPUL$cPUL$dPUL
=035  \\$9CNR7397TS
=035  \\$a(NjP)2834968
=049  \\$aPULL
=035  \\$a(OCoLC)ocm42915173
=100  1\$6880-01$aGhazzālī,$d1058-1111.$0http://id.loc.gov/authorities/names/n82097778
=245  00$6880-02$aIḥyāʼ al-ʻUlūm.
=260  \\$aCairo,$bʻArabiyyah Press,$c1334 A.H. [i.e. 1916]
=300  \\$a4 v.$c29 cm.
=546  \\$aT.-p. and text in Arabic.
=500  \\$aThe renaissance of learning.
=590  \\$aPhotocopy.
=880  1\$6100-01/r$aغزالي،$d1058-1111.
=880  00$6245-02/r$aاحياء العلوم.
=911  \\$a20000220
=994  \\$aC0$bPUL
=999  \\$a2834968
=979  \\$a(OCoLC)ocn178128429
=852  81$03147425$brcppa$t1$h2269.38.349$xtr fr f
=866  \0$03147425$80$av.1-4
=852  8\$03536498$brcppf$hMICROFILM 02575$xtr fr flm
=959  \\$a2003-03-19 08:30:00 -0500

