=LDR  01418cam a22003375  4500
=001  2835696
=003  NjP
=005  20171019170503.0
=008  991206s1953\\\\le\\\\\\\\\\\\000\0\ara\d
=024  7\$aprinceton_aco001959$2local
=035  \\$a(OCoLC)ocn178140465
=035  \\$a(OCoLC)ocm42939342
=040  \\$aPUL$cPUL$dPUL
=035  \\$a(OCoLC)178140465
=035  \\$9CNR8200TS
=035  \\$a(NjP)2835696
=079  \\$aocm42939342
=049  \\$aPULL
=100  1\$6880-01$aSibāʻī, Muṣṭafá,$d1915-1964.$0http://id.loc.gov/authorities/names/n82027795
=245  10$6880-02$aLimādhā akhfaqat al-Jāmiʻah al-ʻArabīyah? wa-kayfa taṣbaḥu adāh nāfiʻah lil-ʻArab?$bNaṣṣ al-kalimah allatī alqāhā ... fī iḥtifāl al-Hayʼah al-Waṭanīyah fī Lubnān ...
=260  \\$a[Beirut]$c1953.
=300  \\$a16 p.$c17 cm.
=546  \\$aIn Arabic.
=610  20$aLeague of Arab States.$0http://id.loc.gov/authorities/names/n80002390
=880  1\$6100-01/r$aسباعي، مصطفى،$d1915-1964.
=880  10$6245-02/r$aلماذا اخفقة الجامعة العربية؟ وكيف تصبح اداه نافعة للعرب؟$bنص الكلمة التي القاها ... في احتفال الهيئه الوطنية في لبنان ...
=911  \\$a20000220
=994  \\$aC0$bPUL
=999  \\$a2835696
=852  00$03148177$bnec$t1$hKME73$i.S533 1953
=959  \\$a2009-07-02 12:07:45 -0400

