=LDR  00664cam a22002295  4500
=001  2835719
=003  NjP
=005  20171019170504.0
=008  991206s1955\\\\ua\a\\\\\\\\\\000\0\ara\d
=024  7\$aprinceton_aco004684$2local
=035  \\$a(OCoLC)ocm42939988
=035  \\$9CNR8223TS
=040  \\$aPUL$cPUL
=100  1\$aSidky, A. R.$q(Abdel Razzak)$0http://id.loc.gov/authorities/names/n82126509
=245  03$aal-Funūn al-rīfīyah.
=260  \\$a[Cairo,$c1955?]
=300  \\$a40 p.$billus.$c19 cm.
=546  \\$aIn Arabic.
=945  \\$aF$b1$c2274.886.337
=911  \\$a20000220
=852  80$03148200$brcppa$t1$h2274.886.337$xtr fr f
=959  \\$a2009-07-02 12:15:50 -0500

