=LDR  00895cam a22002535  4500
=001  2835801
=003  NjP
=005  20100811084912.0
=008  991207q19591960ir\\\\\\\\\\\\000\0\ara\d
=024  7\$aprinceton_aco003329$2local
=035  \\$a(OCoLC)ocm42943653
=035  \\$9CNR8346TS
=040  \\$aPUL$cPUL
=041  0\$aaraper$hund
=100  1\$aRūḥānī, Aḥmad ibn Ṣādiq al-Ḥuṣaynī,$d1904-
=245  00$aSirr al-saʻādah,$bba-zamīmeh-yi tarjameh yi ān Ramz-i nīkbakhtī, mutarjim:$cAbū al-Qāsim Dānish Āshtiyānī.
=260  \\$aQumm,$c1379 [1959/60]
=300  \\$a138 p.$c22 cm.
=546  \\$aIn Arabic and Persian.
=700  1\$aDānish Āshtiyānī, Abū al-Qāsim ibn Muḥammad Taqī,$d1911-$etr.
=945  \\$aF$b1$c2274.6845.385
=911  \\$a20000220
=852  00$03148282$brcppa$t1$hBP178$i.R843 1959$xtr fr nec
=959  \\$a2009-07-01 14:45:42 -0400

