=LDR  01272cam a22003371  4500
=001  2847098
=003  NjP
=005  20171020175701.0
=008  810902s1960\\\\sy\a\\\\\\\\\\000\0\ara\\
=024  7\$aprinceton_aco001979$2local
=010  \\$a   66000232 
=035  \\$a(CStRLIN)MAHGBIU15390-B
=035  \\$a(MH)MHBIU15390HU
=035  \\$a(OCoLC)07719799
=035  \\$9CNT1962TS
=040  \\$aMdFmN$cMdFmN$dOCoLC$dMH$dCStRLIN$dNjP
=050  \4$aJX1662$b.F28
=100  2\$aFawq al-ʻĀdah, Samūḥī,$d1910-$0http://id.loc.gov/authorities/names/no94001811
=245  13$aal-Diblūmasiyah wa-al brutūkūl /$cSamūḥī Fawq al-ʻĀdah.
=250  \\$a[al-Ṭabʻah 2.].
=260  \\$a[Damascus :$bs.n.,$c1960]
=300  \\$a5, 373 p. :$bport. ;$c24 cm.
=500  \\$a"Traduction du vocabulaire diplomatique": p. 340-351.
=650  \0$aDiplomacy.$0http://id.loc.gov/authorities/subjects/sh85038179
=650  \0$aDiplomatic etiquette.$0http://id.loc.gov/authorities/subjects/sh85038188
=650  \0$aArabic language$vGlossaries, vocabularies, etc.$0http://id.loc.gov/authorities/subjects/sh2007101227
=948  \\$ajab/con
=911  \\$a20000321
=912  \\$a20000322033132.0
=852  00$03160198$bnec$t1$hJZ1670$i.F397 1960
=959  \\$a2009-06-30 09:02:10 -0400

