=LDR  01915cam a2200421   4500
=001  2930571
=003  NjP
=005  20170516151616.0
=008  930916s1969\\\\iq\\\\\\\b\\\\000\0\arar\
=024  7\$aprinceton_aco002765$2local
=010  \\$a   71255804 
=035  \\$a(OCoLC)ocn178321632
=035  \\$a(OCoLC)ocm28834645
=040  \\$aDLC$cPUL$dPUL
=035  \\$a(OCoLC)178321632
=035  \\$9CPF9230TS
=035  \\$a(NjP)2930571
=050  0\$aBP80.H82$bA4
=079  \\$aocm28834645
=049  \\$aPULL
=100  1\$6880-01$aAmīnī, Muḥammad Hādī.
=245  10$6880-02$aBaṭal Fakhkh :$bal-Ḥusayn ibn ʻAlī ibn al-Ḥasan ibn al-Ḥasan ibn al-Ḥasan ibn ʻAlī ibn Abī Ṭālib, amīr Makkah wa-fātiḥuhā /$ctaʼlīf Muḥammad Hādī al-Amīnī.
=250  \\$6880-03$a[al-Ṭabʻah 1.]
=260  \\$6880-04$a[al-Najaf :$bal-Maṭbaʻah al-Ḥaydarīyah :$bDistributor in Iraq- al-Muthanna Library,$c1969]
=300  \\$a206 p. ;$c25 cm.
=500  \\$aCover title: The brave of Fekh, al-Hosain ben Ali ben Hasan ben Hasan ben Hasan ben Ali ben Abi Talib, by M. H. Ameni.
=504  \\$aBibliography: p. 187-193.
=600  00$6880-05$aḤusayn ibn ʻAlī, Ṣāḥib Fakhkh,$dd. 786.
=880  1\$6100-01/r$aاميني، محمد هادي.
=880  10$6245-02/r$aبطل فخ :$bالحسين بن علي بن الحسن بن الحسن بن الحسن بن علي بن ابي طالب، امير مكة وفاتحها /$cتأليف محمد هادي الاميني.
=880  \\$6250-03/r$a[الطبعة 1.]
=880  \\$6260-04/r$a[النجف :$bالمطبعة الحيدرية :$bDistributor in Iraq- al-Muthanna Library,$c1969]
=880  00$6600-05/r$aحسين بن علي، صاحب فخ،$dd. 786.
=911  \\$a20000402
=994  \\$aC0$bPUL
=999  \\$a2930571
=852  00$03245138$brcppa$t1$hBP80.H82$iA4$xtr fr arab
=959  \\$a2004-02-02 12:54:27 -0500

