=LDR  01684cam a2200409 a 4500
=001  293776
=003  NjP
=005  20190705140101.0
=008  850425m19619999ir\\\\\\\\\\\\000\0\ara\d
=024  7\$aprinceton_aco004942$2local
=035  \\$a(CStRLIN)NJPG85-B9899
=035  \\$9ABL9011TS
=035  \\$a(NjP)293776
=035  \\$a293776
=040  \\$aPUL$cPUL$dPUL
=049  \\$aPULL
=035  \\$a(OCoLC)ocm23500454
=100  1\$6880-01$aBurūjirdī, Ḥusayn Ṭabāṭabāʼī,$d1875-1961.
=245  10$6880-02$aJāmiʻ aḥādīth al-shīʻah :$bfī aḥkām al-rīʻah /$c[taʼlīf] Ḥusayn Ṭabāṭabāʼī Burūjirdī.
=260  \\$6880-03$aṬihrān :$bMaṭbaʻat al-Misāḥah,$c1380- [1960 or 1961-
=300  \\$av. ;$c36 cm.
=650  \0$aHadith (Shiites)$0http://id.loc.gov/authorities/subjects/sh85058199
=650  \0$aIslamic law$xSources.$0http://id.loc.gov/authorities/subjects/sh85068457
=880  1\$6100-01/r$aبروجردي، حسين طباطبائي،$d1875-1961.
=880  10$6245-02/r$aجامع احاديث الشيعة :$bفي احكام الريعة /$c[تأليف] حسين طباطبائي بروجردي.
=880  \\$6260-03/r$aطهران :$bمطبعة المساحة،$c1380- [1960 or 1961-
=998  \\$a05/01/85$s9124$nNjP$wMIUG84B69750$d04/25/85$cPIN$bMT$i850501$lNJPG
=948  \\$aCON PC1
=911  \\$a19921028
=912  \\$a19900822000000.0
=994  \\$aC0$bPUL
=999  \\$a293776
=979  \\$a(OCoLC)ocn175506255
=852  01$0321468$brcppa$t1$cOversize$hBP193.27$i.B878 1960q$xtr fr nec
=866  \0$0321468$80$aVol. 1-v. 2; v. 6
=866  \0$0321468$80$xAdd as:v.
=959  \\$a2011-06-21 13:26:55 -0400

