=LDR  00860cam a22002535  4500
=001  2944841
=003  NjP
=005  20171107172657.0
=008  000108s1929\\\\ua\\\\\\\\\\\\000\0\ara\d
=024  7\$aprinceton_aco004626$2local
=035  \\$a(OCoLC)ocm43212904
=035  \\$9CPH5787TS
=040  \\$aPUL$cPUL
=100  0\$aQāsim Amīn,$d1863-1908.$0http://id.loc.gov/authorities/names/n81071671
=245  00$aTaḥrīr al-marʾah.
=260  \\$a[Cairo,$bMaktabat al-Jāmiʻah,$c1347 [1928/9]
=300  \\$a166 p.$c20 cm.
=546  \\$aIn Arabic.
=650  \0$aWomen's rights.$0http://id.loc.gov/authorities/subjects/sh85147765
=650  \0$aMuslim women.$0http://id.loc.gov/authorities/subjects/sh85147398
=945  \\$aF$b1$c2272.8349.389.1928
=911  \\$a20000402
=852  80$03259620$brcppa$t1$h2272.8349.389.1928$xtr fr f
=959  \\$a2011-02-23 15:40:38 -0500

