=LDR  01095cam a22003495  4500
=001  2945056
=003  NjP
=005  20190705145150.0
=008  000110s1955\\\\sy\c\\\\\\\\\\000\0\ara\d
=024  7\$aprinceton_aco004476$2local
=040  \\$aPUL$cPUL$dPUL
=066  \\$c(3
=035  \\$9CPH6048TS
=035  \\$a(NjP)2945056
=090  \\$aPJ7858 .Q72$bB978 1955
=049  \\$aPULL
=035  \\$a(OCoLC)ocm43244135
=100  1\$6880-01$aQiyāsah, ʻĀrif,$d1919-
=245  03$6880-02$aal-Burʻum al-ashqar, shiʻr.
=260  \\$6880-03$a[Damascus?]$bDār al-Rāʾid al-ʻArabī,$c1955.
=300  \\$a99 p.$bport.$c17 cm.
=546  \\$aIn Arabic.
=880  1\$6100-01/(3/r$aقياسة، عارف،$d1919-
=880  02$6245-02/(3/r$aالبرعم الاشقر، شعر.
=880  \\$6260-03/(3/r$a[دمشق؟]$bدار الرائد العربي،$c1955.
=911  \\$a20000402
=994  \\$aC0$bPUL
=999  \\$a2945056
=902  \\$ajab$br$6a$7m$dv$f0$e20100728
=979  \\$a(OCoLC)ocn178433431
=852  80$03259835$brcppa$t1$h2272.882.322$xtr fr f
=959  \\$a2009-07-01 13:19:12 -0500

