=LDR  00954cam a22003255  4500
=001  2945063
=003  NjP
=005  20190705145150.0
=008  000110s1882\\\\ua\\\\\\\\\\\\000\0\ara\d
=024  7\$aprinceton_aco004357$2local
=040  \\$aPUL$cPUL$dPUL
=035  \\$9CPH6055TS
=035  \\$a(NjP)2945063
=049  \\$aPULL
=035  \\$a(OCoLC)ocm43244152
=130  0\$aKoran.$0http://id.loc.gov/authorities/names/n79046204
=245  03$6880-01$aal-Muṣḥaf al-sharīf.
=260  \\$6880-02$a[Būlāq,$c1299 [1882?]]
=300  \\$a[603] p.$c30 cm.
=500  \\$aBinder's title (transliterated)
=546  \\$aText in Arabic.
=590  \\$aPhotocopy.
=880  02$6245-01/r$aالمصحف الشريف.
=880  \\$6260-02/r$a[بولاق،$c1299 [1882؟]]
=911  \\$a20000402
=994  \\$aC0$bPUL
=999  \\$a2945063
=979  \\$a(OCoLC)ocn178433478
=852  80$03259842$brcppa$t1$h2273.1882$xtr fr f
=959  \\$a2003-03-31 07:51:27 -0500

