=LDR  01423cam a22003495  4500
=001  2954776
=003  NjP
=005  20190705145200.0
=008  000221s1921\\\\ir\\\\\\\\\\\\000\0\ara\d
=024  7\$aprinceton_aco004694$2local
=035  \\$9CPJ6635TS
=035  \\$a(NjP)2954776
=040  \\$aPUL$cPUL$dPUL
=049  \\$aPULL
=035  \\$a(OCoLC)ocm43492240
=100  1\$6880-01$aMarandī, Abū al-Ḥasan.
=245  10$6880-02$aLamaʻān al-anwār.$bJild-i khāmis-i Nūr al-anwār dar ʻalāʼim-i ẓuḥūr-i nāmus-i dahr, ḥujjat-i ʻaṣr Qāʼim-i āl-i Muḥammad.
=260  \\$6880-03$a[Tehran]$c1338 [i.e. 1340 [1921]]
=300  \\$a303, 23 p.$c22 cm.
=546  \\$aIn Arabic.
=600  10$aMahdī, Muḥammad ibn al-Ḥasan,$db. 869.$0http://id.loc.gov/authorities/names/n84077035
=880  1\$6100-01/r$aمرندي، ابو الحسن.
=880  10$6245-02/r$aلمعان الانوار.$bجلدا خامسا نور الانوار در علائما ظحورا نامسا دهر، حجتا عصر قائما آلا محمد.
=880  \\$6260-03/r$a]طهران]$c1338 [ا.. 1340 [1921]]
=856  4\$uhttp://hdl.handle.net/2027/njp.32101077103396
=911  \\$a20000402
=994  \\$aC0$bPUL
=999  \\$a2954776
=979  \\$a(OCoLC)ocn178502129
=852  80$03269589$brcppa$t1$h2468.7058.355$xtr fr sy
=852  8\$08767185$belf1$hElectronic Resource
=959  \\$a2000-06-08 00:00:00 -0500

