=LDR  00953cam a22003011  4500
=001  2957679
=003  NjP
=005  20171109165454.0
=008  880204q19601969iq\\\\\\\b\\\\000\0\ara\d
=024  7\$aprinceton_aco003332$2local
=010  \\$a   68003754 
=035  \\$a(CStRLIN)MAHGBIP45170-B
=035  \\$a(MH)MHBIP45170HU
=035  \\$a(OCoLC)17431884
=035  \\$9CPK0080TS
=040  \\$aWaU$cWaU$dMH$dCStRLIN$dNjP
=050  \4$aBP178$b.A43
=100  1\$aʻAlī, Jawād.
=245  10$aTārīkh al-ṣalāh fī al-Islām /$ctaʾlīf Jawād ʻAlī.
=260  \\$aBaghdād :$bMaṭbaʻat Diyāʾ,$c[196-?]
=300  \\$a95 p. ;$c24 cm.
=504  \\$aIncludes bibliographical references.
=650  \0$aPrayer$xIslam.$0http://id.loc.gov/authorities/subjects/sh85106123
=948  \\$ajab/con
=911  \\$a20000407
=912  \\$a20000410031524.0
=852  00$03272527$brcppa$t1$hBP178$i.A43 1960z$xtr fr nec
=959  \\$a2009-06-29 12:53:45 -0400

