=LDR  01518cam a22003735  4500
=001  3033647
=003  NjP
=005  20190705145243.0
=008  000229s196u\\\\ir\\\\\\\\\\\\000\0\ara\d
=024  7\$aprinceton_aco003930$2local
=040  \\$aPUL$cPUL$dPUL
=035  \\$9CPT2604TS
=035  \\$a(NjP)3033647
=041  1\$aara$hperara
=049  \\$aPULL
=035  \\$a(OCoLC)ocm43538184
=100  1\$6880-01$aQummī, ʻAbbās ibn Muḥammad Riḍā,$d-1941.$0http://id.loc.gov/authorities/names/n80013464
=240  10$6880-02$aKullīyāt-i Mafātīḥ al-jinān.$lArabic
=245  10$6880-03$aMafātīḥ al-jinān al-muʻarrab.$bTaʻrīb Muḥammad Riḍā al-Nūrī al-Najafī.
=260  \\$6880-04$aTehran,$bal-Maṭbaʻah al-Islāmīyah$c[196-]
=300  \\$a12, 611, 4 p.$c22 cm.
=500  \\$aCollection of prayers originally published in Persian; individual prayers originally in Arabic.
=546  \\$aIn Arabic.
=590  \\$aPhotocopy.
=880  1\$6100-01/r$aقمي، عباس بن محمد رضا،$d-1941.
=880  10$6240-02/r$aكلياتا مفاتيح الجنان.$lArabic
=880  10$6245-03/r$aمفاتيح الجنان المعرب.$bتعريب محمد رضا النوري النجفي.
=880  \\$6260-04/r$aطهرن،$bالمطبعة الاسلامية$c[196-]
=911  \\$a20000603
=994  \\$aC0$bPUL
=999  \\$a3033647
=979  \\$a(OCoLC)ocn178593607
=852  00$03350144$brcppa$t1$hBP183.3$i.Q6124 1960za$xtr fr nec
=959  \\$a2000-09-13 11:37:21 -0400

