=LDR  01717cam a2200397 a 4500
=001  313900
=003  NjP
=005  20190705140131.0
=008  860625s1964\\\\iq\\\\\\\\\\\f000\0\ara\d
=024  7\$aprinceton_aco003697$2local
=040  \\$aNjP$cPUL$dPUL
=035  \\$a(CStRLIN)NJPG86-B25851
=035  \\$9ABN9195TS
=035  \\$a(NjP)313900
=043  \\$aa-iq---
=049  \\$aPULL
=035  \\$a(OCoLC)ocm28143899
=110  1\$aIraq.$0http://id.loc.gov/authorities/names/n79077342
=245  10$6880-01$aMajmūʻat al-tashrīʻāt al-khāṣṣah bi-al-shuʼūn al-ṣināʻīyah /$ciʻdād ʻAbd al-Qādir ʻAbd al-Laṭīf, ʻAlāʼ al-Dīn al-Lāmiʻ.
=260  \\$6880-02$aBaghdād :$bal-Jumhūrīyah al-ʻIrāqīyah, Wizārat al-Ṣināʻah,$c1964.
=300  \\$a234 p. ;$c24 cm.
=650  \0$aIndustrial laws and legislation$zIraq.
=700  1\$6880-03$aʻAbd al-Laṭīf, ʻAbd al-Qādir.
=700  1\$6880-04$aLāmiʻ, ʻAlāʼ al-Dīn.
=880  10$6245-01/r$aمجموعة التشريعات الخاصة بالشؤون الصناعية /$cاعداد عبد القادر عبد اللطيف، علاء الدين اللامع.
=880  \\$6260-02/r$aبغداد :$bالجمهورية العراقية، وزارة الصناعة،$c1964.
=880  1\$6700-03/r$aعبد اللطيف، عبد القادر.
=880  1\$6700-04/r$aلامع، علاء الدين.
=998  \\$a05/11/93$s9118$nNjP$wNJPG86B25851$d06/25/86$cJCB$bLRP$i930511$lNJPG
=911  \\$a19930520
=912  \\$a19930511000000.0
=994  \\$aC0$bPUL
=999  \\$a313900
=979  \\$a(OCoLC)ocn175668589
=852  80$0343442$brcppa$t1$hKPA$i.I72M34$xtr fr arab
=959  \\$a2000-06-13 00:00:00 -0400

