=LDR  02150cam a2200445 a 4500
=001  314812
=003  NjP
=005  20170605130656.0
=008  860701s1934\\\\mr\\\\\\\\\\\\000\0\ara\d
=024  7\$aprinceton_aco003583$2local
=035  \\$a(OCoLC)82167915
=035  \\$a(OCoLC)ocn175675490
=035  \\$a(OCoLC)175675490
=035  \\$a(CStRLIN)NJPG86-B26718
=035  \\$9ABP0111TS
=035  \\$a(NjP)314812
=040  \\$aPUL$cPUL$dPUL
=049  \\$aPULL
=079  \\$aocm82167915
=100  1\$6880-01$aBūʻaqīlī, al-Ḥasan bin Bū Jumʻah,$d-1949.$0http://id.loc.gov/authorities/names/nr90024533
=240  10$6880-02$aSūq al-asrār ilá ḥaḍrat al-shāhid al-sattār
=245  10$6880-03$aKitāb sūq al-asrār ilá ḥaḍrat al-shāhid al-sattār /$ctaʼlīf al-Aḥsan bin Muḥammad bin Abī Jamāʻah al-Buʻaqīlī al-Sūsī ... al-Bayḍāwī.
=250  \\$6880-04$aal-Ṭabʻah 1.
=260  \\$6880-05$aal-Dār al-Bayḍāʼ :$bal-Maṭbaʻah al-ʻArabīyah,$c1353 [1934 or 1935]
=300  \\$a135 p. ;$c25 cm.
=650  \0$aIslamic law$xInterpretation and construction.$0http://id.loc.gov/authorities/subjects/sh85068455
=740  0\$6880-06$aSūq al-asrār ilá ḥaḍrat al-shāhid al-sattār.
=880  1\$6100-01/r$aبوعقيلي، الحسن بن بو جمعة،$d-1949.
=880  10$6240-02/r$aسوق الاسرار الى حضرة الشاهد الستار
=880  10$6245-03/r$aكتاب سوق الاسرار الى حضرة الشاهد الستار /$cتأليف الاحسن بن محمد بن ابي جماعة البعقيلي السوسي ... البيضاوي.
=880  \\$6250-04/r$aالطبعة 1.
=880  \\$6260-05/r$aالدار البيضاء :$bالمطبعة العربية،$c1353 [1934 or 1935]
=880  0\$6740-06/r$aسوق الاسرار الى حضرة الشاهد الستار.
=998  \\$a11/15/90$s9118$nNjP$wNJPG86B26718$d07/01/86$cJEB$bJEB$lNJPG
=911  \\$a19921028
=912  \\$a19910104000000.0
=994  \\$aC0$bPUL
=999  \\$a314812
=852  80$0344426$brcppa$t1$hKBL$i.B826$xtr fr arab
=959  \\$a2000-06-13 00:00:00 -0400

