=LDR  01762cam a2200385 a 4500
=001  314818
=003  NjP
=005  20171011100503.0
=008  860701s1933\\\\mr\\\\\\\\\\\\000\0\ara\d
=024  7\$aprinceton_aco003584$2local
=035  \\$a(OCoLC)ocn175675541
=040  \\$aNjP$cPUL$dPUL
=035  \\$a(OCoLC)175675541
=035  \\$a(CStRLIN)NJPG86-B26723
=035  \\$9ABP0117TS
=035  \\$a(NjP)314818
=079  \\$aocm82631059
=049  \\$aPULL
=100  1\$6880-01$aBūʻaqīlī, al-Ḥasan bin Bū Jumʻah,$d-1949.$0http://id.loc.gov/authorities/names/nr90024533
=245  10$6880-02$aIḍāḥ al-adillah bi-anwār al-aʼimmah /$ctaʼlīf Abī ʻAlī ... al-Aḥsan ibn Muḥammad ibn Abī Jamāʻah al-Buʻaqilī al-Susī ... al-Baḍāwī.
=250  \\$6880-03$aal-Ṭabʻah 1.
=260  \\$6880-04$aal-Dār al-Bayḍāʼ :$bal-Maṭbaʻah al-ʻArabīyah,$c1353 [1933 or 1934]
=300  \\$a115 p. ;$c25 cm.
=650  \0$aIslamic law$xInterpretation and construction.$0http://id.loc.gov/authorities/subjects/sh85068455
=880  1\$6100-01/r$aبوعقيلي، الحسن بن بوا جمعة،$d-1949.
=880  10$6245-02/r$aاضاح الادلة بانوار الائمة /$cتأليف ابي علي ... الاحسن بن محمد بن ابي جماعة البعقلي السسي ... البضاوي.
=880  \\$6250-03/r$aالطبعة 1.
=880  \\$6260-04/r$aالدار البيضاء :$bالمطبعة العربية،$c1353 [1933 or 1934]
=998  \\$a11/08/90$s9118$nNjP$wNJPG86B26723$d07/01/86$cJEB$bJEB$i901108$lNJPG
=911  \\$a19921028
=912  \\$a19910104000000.0
=994  \\$aC0$bPUL
=999  \\$a314818
=852  80$0344432$brcppa$t1$hKBL$i.B8265$xtr fr arab
=959  \\$a2000-06-13 00:00:00 -0400

