=LDR  02504cam a2200433 a 4500
=001  316518
=003  NjP
=005  20190705140135.0
=008  860714s1937\\\\mr\a\\\\\\\\\\000\0\ara\d
=024  7\$aprinceton_aco004689$2local
=035  \\$a(CStRLIN)NJPG86-B28329
=035  \\$9ABP1821TS
=035  \\$a(NjP)316518
=040  \\$aNjP$cPUL$dPUL
=049  \\$aPULL
=035  \\$a(OCoLC)ocm43407949
=100  1\$6880-01$aOsman, Mohamed.
=245  13$6880-02$aal-Jāmiʻah al-Yūsufīyah bi-Marrākush fī tisʻmiʼat sanah :$ballafahu ka-tārīkh li-nashʼat al-dirāsah fī al-Kullīyah al-Yūsufīyah mundhu ʻahdihā al-taʼsīsī wa-abrazahu ka-dhikrá tārīkhīyah li-taʼsīs ramz al-fakhāmah Marrākush al-Ḥamrāʼ /$cbi-qalam Muḥammad ʻUthmān al-Marrākushī.
=260  \\$6880-03$aal-Ribāṭ :$bal-Maṭbaʻah al-Istiṣādīyah,$c1937.
=300  \\$a285 p. :$bill. ;$c25 cm.
=500  \\$6880-04$aCover title: al-Awwal min al-Jāmiʻah al-Yūsufīyah bi-Marrākush fī tusʻumiʼat sanah.
=500  \\$aTitle on added t.p.: L'histoire de l'Université el-Youssoufia de Marrakech.
=610  20$6880-05$aJāmiʻah al-Yūsufīyah (Marrakech, Morocco)$0http://id.loc.gov/authorities/names/no2004019330
=740  0\$aHistoire de l'Université el Youssoufia de Marrakech.
=740  0\$6880-06$aAwwal min al-Jāmiʻah al-Yūsufīyah bi-Marrākush.
=880  1\$6100-01/r$aسمن، مهمد.
=880  12$6245-02/r$aالجامعة اليوسفية بمراكش في تسعمائة سنة :$bالفه كتاريخ لنشأت الدراسة في الكلية اليوسفية منذ عهدها التأسيسي وابرزه كذكرى تاريخية لتأسيس رمز الفخامة مراكش الحمراء /$cبقلم محمد عثمان المراكشي.
=880  \\$6260-03/r$aالرباط :$bالمطبعة الاستصادية،$c1937.
=880  \\$6500-04/r$aCover title: الاول من الجامعة اليوسفية بمراكش في تسعمائة سنة.
=880  20$6610-05/r$aجامعة اليوسفية (مركخ، مرغب)
=880  0\$6740-06/r$aاول من الجامعة اليوسفية بمراكش.
=998  \\$a04/02/93$s9118$nNjP$wNJPG86B28329$d07/14/86$cDGH$bMWC$i930402$lNJPG
=911  \\$a19930408
=912  \\$a19930402000000.0
=994  \\$aC0$bPUL
=999  \\$a316518
=979  \\$a(OCoLC)ocn175689626
=852  00$0346238$brcppa$t1$hLG631.M39$iU73$xtr fr arab
=959  \\$a2000-06-13 00:00:00 -0500

