=LDR  01340cam a2200361 a 4500
=001  316763
=003  NjP
=005  20190705140135.0
=008  860715s1900\\\\le\\\\\\\\\\\\000\0\ara\d
=024  7\$aprinceton_aco003701$2local
=035  \\$a(CStRLIN)NJPG86-B28556
=035  \\$9ABP2066TS
=035  \\$a(NjP)316763
=040  \\$aNjP$cPUL$dPUL
=043  \\$aa-tu---
=049  \\$aPULL
=035  \\$a(OCoLC)ocm34190024
=100  1\$6880-01$aʻAbbūd, Iskandar.
=245  10$6880-02$aKitāb al-athār al-ʻadlīyah /$cbi-qalam Iskandar ʻAbbūd.
=260  \\$6880-03$a[Lebanon :$bs.n.],$c1900$e(Baʻabdā :$fṬubiʻa bi-al-Maṭbaʻah al-ʻUthmānīyah)
=300  \\$a384 p. ;$c22 cm.
=650  \0$aLaw$zTurkey.$0http://id.loc.gov/authorities/subjects/sh2008106842
=880  1\$6100-01/r$aعبود، اسكندر.
=880  10$6245-02/r$aكتاب الاثار العدلية /$cبقلم اسكندر عبود.
=880  \\$6260-03/r$a[لبنان :$bs.n.]،$c1900$e(بعبدا :$fطبع بالمطبعة العثمانية)
=998  \\$a08/11/88$s9118$nNjP$wNJPG86B28556$d07/15/86$cKVV$bKVV$i880811$lNJPG
=911  \\$a19921028
=912  \\$a19900827000000.0
=994  \\$aC0$bPUL
=999  \\$a316763
=979  \\$a(OCoLC)ocn175691690
=852  80$0346506$brcppa$t1$hKPA$i.A32$xtr fr arab
=959  \\$a2000-06-13 00:00:00 -0400

