=LDR  01200cam a2200349Ma 4500
=001  3203266
=003  NjP
=005  20190705145759.0
=008  961111s1962\\\\sy\\\\\\\\\\\\000\0\ara\d
=024  7\$aprinceton_aco004465$2local
=010  \\$a   67000235 
=035  \\$a(MH)MHBJB54703HU
=035  \\$a(CStRLIN)MAHGBJB54703-B
=035  \\$a58093
=040  \\$aMH$cPUL$dPUL
=049  \\$aPULL
=035  \\$a(OCoLC)ocm80396804
=100  1\$aNāʻūrī, ʻĪsá.
=245  10$aAkhī al-insān!-- majmūʻah al-shiʻrīyah al-thānīyah /$ctaʼlīf ʻĪsá al-Nāʻūrī.
=250  \\$6880-01$aal-Ṭabʻah 1.
=260  \\$6880-02$aḤalab :$bDār al-Rāʾid,$c1962.
=300  \\$a120 p. :$b1 ill.;$c17 cm.
=880  1\$6100-00/r$aناعوري، عيسى.
=880  10$6245-00/r$aاخي الانسان! مجموعة الشعرية الثانية /$cتأليف عيسى الناعوري.
=880  \\$6250-01/r$aالطبعة 1.
=880  \\$6260-02/r$aحلب :$bدار الراود،$c1962.
=902  \\$ajab/con
=994  \\$aC0$bPUL
=999  \\$a3203266
=979  \\$a(OCoLC)ocn307689653
=852  8\$06424468$brcppa$h2272.7027.3115$xtr fr f
=959  \\$a2011-03-02 16:28:01 -0500

