=LDR  00814cam a22002411a 4500
=001  3209204
=003  NjP
=005  20171214172814.0
=008  961006s1938\\\\le\\\\\\\b\\\\000\0\arard
=024  7\$aprinceton_aco003250$2local
=035  \\$a(OCoLC)49364643
=035  \\$a(MH)MHBIT69747HU
=035  \\$a(CStRLIN)MAHGBIT69747-B
=040  \\$aMH$cMH$dCStRLIN$dNjP
=100  1\$aZayn, Muḥammad Ḥusayn.
=245  13$aal-Shīʻah fī al-tārīkh /$ctaʾlīf Muḥammad Ḥusayn al-Zayn.
=260  \\$aṢaydā (Lebanon) :$bMaṭbaʻat al-ʻIrfān,$c1938.
=300  \\$a226 p. ;$c20 cm.
=650  \0$aShiites$xHistory.$0http://id.loc.gov/authorities/subjects/sh2010112938
=998  \\$s9555
=902  \\$ajab$br$cb$dv$e20000801$f0
=852  0\$03530152$brcppa$hBP193$i.Z3$xtr fr arab
=959  \\$a2006-01-11 10:03:21 -0400

