=LDR  01796cam a2200469 a 4500
=001  324593
=003  NjP
=005  20170606092025.0
=008  860818m19239999ua\\\\\\\\\\\\000\1\ara\d
=024  7\$aprinceton_aco002940$2local
=035  \\$a(OCoLC)ocn175755872
=040  \\$aNjP$cPUL$dPUL
=035  \\$a(OCoLC)175755872
=035  \\$a(CStRLIN)NJPG86-B35847
=035  \\$9ABP9908TS
=035  \\$a(NjP)324593
=041  1\$aara$hfre
=043  \\$ae-fr---
=079  \\$aocm79716598
=049  \\$aPULL
=100  1\$aHugo, Victor,$d1802-1885.$0http://id.loc.gov/authorities/names/n79091479
=240  10$aMisérables.$lArabic
=245  13$6880-01$aal-Buʼasāʼ /$cli-Fīktūr Hūjū ; taʻrīb Muḥammad Ḥāfiẓ Ibrāhīm.
=250  \\$6880-02$aal-Ṭabʻah 2.
=260  \\$6880-03$aMiṣr :$bYuṭlabu min Maktabat al-Hilāl,$c1923-
=300  \\$av. ;$c20 cm.
=500  \\$aTranslation of: Les misérables
=651  \0$aParis (France)$vFiction.$0http://id.loc.gov/authorities/subjects/sh2008109262
=650  \0$aEx-convicts$vFiction.$0http://id.loc.gov/authorities/subjects/sh2008103388
=650  \0$aOrphans$vFiction.$0http://id.loc.gov/authorities/subjects/sh2008108587
=880  12$6245-01/r$aالبؤساء /$cلفيكتور هوجوا ؛ تعريب محمد حافظ ابراهيم.
=880  \\$6250-02/r$aالطبعة 2.
=880  \\$6260-03/r$aمصر :$bيطلب من مكتبة الهلال،$c1923-
=998  \\$a08/26/86$s9114$nNjP$wNJPG86B35847$d08/18/86$cJCB$bMT$i860826$lNJPG
=911  \\$a19921028
=912  \\$a19950925044446.0
=994  \\$aC0$bPUL
=999  \\$a324593
=852  01$0354957$brcppa$t1$hPQ2286$i.A62 1923$xtr fr arab
=866  \0$0354957$80$ajuzʾ 2
=866  \0$0354957$80$xAdd as: juzʾ.
=959  \\$a2000-06-13 00:00:00 -0500

