=LDR  01240cam a2200313 a 4500
=001  3264073
=003  NjP
=005  20171221000620.0
=008  961025q19001999ua\\\\\\\b\\\\000\0\ara\d
=024  7\$aprinceton_aco002871$2local
=035  \\$a(OCoLC)40819463
=035  \\$a(CStRLIN)MAHGBIY54912-B
=040  \\$aMH$cMH$dCStRLIN$dNjP
=100  1\$aQaṣṣāṣ, Muḥammad Muḥammad.
=245  13$aal-Shiʻr fī al-ādāb al-Sāmiyah /$cMuḥammad Muḥammad al-Qaṣṣāṣ.
=260  \\$aal-Qāhirah :$bMaktabat al-Anjlū al-Miṣrīyah,$c[19--]
=300  \\$av. ;$c25 cm.
=505  1\$aal-kitāb 1. al-Shiʻr al-ʻIbrī (2 v.).
=504  \\$aIncludes bibliographical references.
=650  \0$aSemitic literature$xHistory and criticism.
=650  \0$aSemitic literature$vTranslations into Arabic.
=650  \0$aHebrew poetry$xHistory and criticism.$0http://id.loc.gov/authorities/subjects/sh2008105561
=650  \0$aHebrew poetry$vTranslations into Arabic.
=904  \\$aay$ba$hm$ct$e20001213
=902  \\$ajeb$cb$dv$f1$sm$bm$e20010104
=852  0\$03589474$brcppa$hPJ3097$i.Q377 1900z$xtr fr arab
=866  \\$03589474$xDESIGNATOR: kitāb, juzʾ
=866  \0$03589474$aKitāb 1, juzʾ 1
=959  \\$a2000-12-13 11:55:26 -0500

