=LDR  01067cam a2200289 a 4500
=001  3328095
=003  NjP
=005  20190705150018.0
=008  010322s1900\\\\ua\\\\\\\\\\\\000\0\ara\d
=024  7\$aprinceton_aco004700$2local
=035  \\$a(NjP)3328095
=040  \\$aNjP$cPUL$dPUL
=049  \\$aPULL
=035  \\$a(OCoLC)ocm49373081
=130  0\$aQurʼan.
=245  10$6880-01$aInnahu la-Qurʼānun karīmun fī kitābin maknūnin lā yamassuhu illā al-muṭahharūn ...
=260  \\$6880-02$aMiṣr :$bal-Maṭbaʻah al-ʻĀmirīyah,$c1318 [1900]
=300  \\$a364 p. ;$c20 cm.
=880  10$6245-01/r$aانه لقرآن كريم في كتاب مكنون لا يمسه اللا المطهرون ...
=880  \\$6260-02/r$aمصر :$bالمطبعة العامرية،$c1318 [1900]
=856  4\$uhttp://hdl.handle.net/2027/njp.32101065409714
=994  \\$aC0$bPUL
=999  \\$a3328095
=979  \\$a(OCoLC)ocn178714621
=852  8\$03656694$brcppa$h2273 1900.3$xtr fr anxa
=852  8\$08776559$belf1$hElectronic Resource
=959  \\$a2001-03-22 09:32:26 -0500

