=LDR  01790cam a2200433   4500
=001  333669
=003  NjP
=005  20190705140220.0
=008  861008s1923\\\\ua\\\\\\\\\\\\000\0\arard
=024  7\$aprinceton_aco003726$2local
=010  \\$ane 68003535 
=035  \\$a(CStRLIN)NJPG86-B44338
=035  \\$9ABQ9001TS
=035  \\$a(NjP)333669
=040  \\$aPUL$cPUL$dPUL
=049  \\$aPULL
=050  0\$aDS215$b.F37
=066  \\$c(3
=035  \\$a(OCoLC)ocm79913097
=245  00$6880-01$aFatāwá kibār al-kuttāb wa-al-udabāʼ fī :$b1, Mustaqbal al-lughah al-ʻArabīyah ; 2, Nahḍat al-sharq al-ʻArabī wa-mawqifuhu izāʼa al-madanīyah al-gharbīyah.
=260  \\$6880-02$aMiṣr :$bIdārat al-Hilāl,$c1923.
=300  \\$a159 p. ;$c20 cm.
=650  \0$aArabic language.$0http://id.loc.gov/authorities/subjects/sh85006306
=650  \0$aCivilization, Arab.$0http://id.loc.gov/authorities/subjects/sh85026438
=710  2\$6880-03$aHilāl.$0http://id.loc.gov/authorities/names/n80124507
=880  00$6245-01/(3/r$aفتاوى كبار الكتاب والادباء في :$b1، مستقبل اللغة العربية ؛ 2، نهضة الشرق العربي وموقفه ازاء المدنية الغربية.
=880  \\$6260-02/(3/r$aمصر :$bادارة الهلال،$c1923.
=880  2\$6710-03/(3/r$aهلال.
=856  4\$uhttp://hdl.handle.net/2027/njp.32101076415759
=998  \\$a10/08/86$s9124$nNjP$wNJPG86B44338$d10/08/86$cRNG$bJCB$i861008$lNJPG
=948  \\$aCON PC2
=911  \\$a19921028
=912  \\$a19900827000000.0
=994  \\$aC0$bPUL
=999  \\$a333669
=979  \\$a(OCoLC)ocn175832209
=852  00$0364864$brcppa$t1$hDS215$i.F37$xtr fr arab
=852  8\$08679272$belf1$hElectronic Resource
=959  \\$a2000-06-08 00:00:00 -0400

