=LDR  01678cam a2200337 a 4500
=001  344637
=003  NjP
=005  20171011102350.0
=008  861203s1905\\\\le\\\\\\\\\\\\00010\ara\d
=024  7\$aprinceton_aco002835$2local
=035  \\$a(OCoLC)67307852
=035  \\$a(CStRLIN)NJPG86-B54405
=035  \\$9ABR9996TS
=040  \\$aNjP$cNjP
=100  1\$aJazāʼirī, Muḥammad Bāshā,$cAmir of Mascara,$d1840 or 1841-1912 or 1913.$0http://id.loc.gov/authorities/names/nr89017716
=245  10$aNukhbat ʻIqd al-ajyād fī al-ṣāfināt al-jiyād /$ctaʼlīf Muḥammad Bāshā najl ʻAbd al-Qādir al-Ḥasanī al-Jazāʼirī.
=260  \\$aBayrūt :$bal-Maṭbaʻah al-Ahlīyah,$c1326 [1905 or 1906]
=300  \\$a304 p. ;$c20 cm.
=500  \\$aTitle page partially vocalized.
=500  \\$aAn abridgement of the author's work ʻIqd al-ajyād fī al-ṣāfināt al-jiyād.
=650  \0$aArabic literature$xHistory and criticism.$0http://id.loc.gov/authorities/subjects/sh2007101215
=650  \0$aHorses in literature.$0http://id.loc.gov/authorities/subjects/sh85062184
=650  \0$aHorses$xReligious aspects$xIslam.
=700  1\$aJazāʼirī, Muḥammad Bāshā,$cAmir of Mascara,$d1840 or 1841-1912 or 1913.$tʻIqd al-ajyād fī al-ṣāfināt al-jiyād.$0http://id.loc.gov/authorities/names/nr89017716
=856  4\$uhttp://hdl.handle.net/2027/njp.32101015431529
=998  \\$a08/03/90$s9118$nNjP$wNJPG86B54405$d12/03/86$cKVV$bSEE$lNJPG
=911  \\$a19921028
=912  \\$a19910104000000.0
=852  00$0376549$brcppa$t1$hPJ7519.A5$iJ39$xtr fr arab
=852  8\$08679327$belf1$hElectronic Resource
=959  \\$a2000-06-08 00:00:00 -0500

