=LDR  01076cam a2200277 a 4500
=001  362916
=003  NjP
=005  20171011103156.0
=008  870323s1922\\\\le\\\\\\\\\\\\00010\ara\d
=024  7\$aprinceton_aco003639$2local
=035  \\$a(OCoLC)22320684
=035  \\$a(CStRLIN)NJPG87-B12752
=035  \\$9ABT8330TS
=040  \\$aNjP$cNjP
=100  1\$aḤūrānī, Ṣāliḥ Ḥusayn.
=245  13$aal-Rudūd al-Azharīyah ʻalá al-ajwibah al-Ṭāhirīyah /$cli-nāshirihā Ṣāliḥ Ḥusayn al-Ḥūrānī.
=260  \\$aṢaydā :$bMaṭbaʻat al-ʻIrfān,$c1343 [1922 or 1923]
=300  \\$a30 p. ;$c20 cm.
=650  \0$aIslamic law$xInterpretation and construction.$0http://id.loc.gov/authorities/subjects/sh85068455
=856  4\$uhttp://hdl.handle.net/2027/njp.32101014339467
=998  \\$a05/03/89$s9118$nNjP$wNJPG87B12752$d03/23/87$cKVV$bKVV$i890503$lNJPG
=911  \\$a19921028
=912  \\$a19900508000000.0
=852  80$0396563$brcppa$t1$hKBL$i.H87$xtr fr arab
=852  8\$08679426$belf1$hElectronic Resource
=959  \\$a2000-06-08 00:00:00 -0400

