=LDR  01047cam a2200301 a 4500
=001  371739
=003  NjP
=005  20150109153921.0
=008  870506s1913\\\\sy\\\\\\\\\\\\00010\ara\d
=024  7\$aprinceton_aco003793$2local
=035  \\$a(OCoLC)83163197
=035  \\$a(CStRLIN)NJPG87-B20986
=035  \\$9ABU7169TS
=040  \\$aNjP$cNjP
=043  \\$aa-sy---
=100  1\$aṢābūnī, Aḥmad ibn Ibrāhīm.
=245  10$aTārīkh Ḥamāh /$ctaʾlīf Aḥmad ibn Ibrāhīm al-Ṣābūnī.
=250  \\$aal-Ṭabʻah 1.
=260  \\$aḤamāh, [Syria ]$bBi-nafaqat Maktabat ʻUnwān al-Najāḥ,$c1332 [1913 or 1914]
=300  \\$a171 p. ;$c23 cm.
=651  \0$aHamāh (Syria)$xHistory.
=856  4\$uhttp://hdl.handle.net/2027/njp.32101076415742
=998  \\$a05/19/87$s9114$nNjP$wNJPG87B20986$d05/06/87$cDGH$bMT$i870519$lNJPG
=911  \\$a19921028
=912  \\$a19900827000000.0
=852  00$0406046$brcppa$t1$hDS99.H26$iS22$xtr fr arab
=852  8\$08679470$belf1$hElectronic Resource
=959  \\$a2000-06-08 00:00:00 -0400

