=LDR  01750cam a2200397 a 4500
=001  382707
=003  NjP
=005  20190705140415.0
=008  870121s1955\\\\sy\\\\\\\\\\\\000\0\ara\d
=024  7\$aprinceton_aco004079$2local
=035  \\$a(CStRLIN)NJPG87-B3124
=035  \\$9ABV8162TS
=035  \\$a(NjP)382707
=040  \\$aNjP$cPUL$dPUL
=043  \\$af-ae---
=049  \\$aPULL
=035  \\$a(OCoLC)ocm77648682
=245  03$6880-01$aal-Jazāʼir :$bqiṣṣat kifāḥ al-shaʻb al-Jazāʼirī fī sabīl ḥurrīyatihi wa-istiqlālihi mundhu fajr al-tārīkh ḥattá al-yawm.
=250  \\$6880-02$aal-Ṭabʻah 2.
=260  \\$6880-03$aḤalab :$bMaktabat al-Iqtiṣād,$c1955.
=300  \\$a93 p. ;$c20 cm.
=440  \0$6880-04$aSilsilat tārīkh al-istiʻmār al-Ūrūbbī fī al-bilād al-ʻArabīyah ;$v1
=651  \0$aAlgeria$xHistory.$0http://id.loc.gov/authorities/subjects/sh85003451
=651  \0$aAlgeria$xPolitics and government.$0http://id.loc.gov/authorities/subjects/sh95000034
=880  02$6245-01/r$aالجزائر :$bقصة كفاح الشعب الجزائري في سبيل حريته واستقلاله منذ فجر التاريخ حتى اليوم.
=880  \\$6250-02/r$aالطبعة 2.
=880  \\$6260-03/r$aحلب :$bمكتبة الاقتصاد،$c1955.
=880  \0$6440-04/r$aسلسلة تاريخ الاستعمار الاوروبي في البلاد العربية ؛$v1
=998  \\$a10/04/88$s9118$nNjP$wNJPG87B3124$d01/21/87$cDGH$bDGH$i881004$lNJPG
=911  \\$a19921028
=912  \\$a19970424050725.0
=994  \\$aC0$bPUL
=999  \\$a382707
=979  \\$a(OCoLC)ocn175503205
=852  00$0417785$brcppa$t1$hDT284$i.J39$xtr fr anxafst
=959  \\$a2000-06-13 00:00:00 -0400

