=LDR  02149cam a2200457 a 4500
=001  386068
=003  NjP
=005  20190705140425.0
=008  870722s1955\\\\ua\b\\\\\\\\\\001\0\ara\d
=024  7\$aprinceton_aco004023$2local
=035  \\$a386068
=040  \\$aNjP$cPUL$dPUL
=035  \\$a(CStRLIN)NJPG87-B34327
=035  \\$9ABW1528TS
=035  \\$a(NjP)386068
=041  1\$aara$heng
=043  \\$aaw-----$aff-----
=049  \\$aPULL
=035  \\$a(OCoLC)ocm60499019
=100  1\$aHazard, Harry W.$q(Harry Williams),$d1918-1989.$0http://id.loc.gov/authorities/names/n88604598
=240  10$aAtlas of Islamic history.$lArabic
=245  10$6880-01$aAṭlas al-tārīkh al-Islāmī /$cṣannafahu Hārī W. Hāzārd ; rasama kharāʼiṭahu Simīlī wa-Kūk ; tarjamahu wa-ḥaqqaqahu Ibrāhīm Zakī Khūrshīd ; rājaʻahu Muḥammad Muṣṭafá Ziyādah ; qaddama la-hu Muḥammad ʻAwaḍ Muḥammad.
=260  \\$6880-02$aal-Qāhirah :$bMaktabat al-Nahḍah al-Miṣrīyah,$c[1955]
=300  \\$a1 atlas (52 p.) :$b[12] col. maps ;$c28 x 37 cm.
=500  \\$aCover title.
=500  \\$aTranslation of: Atlas of Islamic history.
=500  \\$a"Maps by H. Lester Cooke and J. McA. Smiley."
=500  \\$aIncludes index.
=651  \0$aIslamic countries$xHistorical geography$xMaps.
=700  1\$aCooke, Hereward Lester.
=700  1\$aSmiley, J. McA.
=700  1\$6880-03$aKhūrshīd, Ibrāhīm Zakī.
=880  10$6245-01/r$aاطلس التاريخ الاسلامي /$cصنفه هاري و. هازارد ؛ رسم خرائطه سميلي وكوك ؛ ترجمه وحققه ابراهيم زكي خورشيد ؛ راجعه محمد مصطفى زيادة ؛ قدم له محمد عوض محمد.
=880  \\$6260-02/r$aالقاهرة :$bمكتبة النهضة المصرية،$c[1955]
=880  1\$6700-03/r$aخورشيد، ابراهيم زكي.
=998  \\$a08/25/87$s9114$nNjP$wNJPG87B34327$d07/22/87$cJCB$bCS$i870825$lNJPG
=994  \\$aC0$bPUL
=999  \\$a386068
=979  \\$a(OCoLC)ocn175530848
=852  00$0421405$bnec$t1$cOversize$hG1786.S1$iH312q
=959  \\$a2000-06-13 00:00:00 -0400

