=LDR  01206cam a2200361 a 4500
=001  386611
=003  NjP
=005  20170518131123.0
=008  870723s1954\\\\sy\\\\\\\\\\\\000\0\ara\d
=024  7\$aprinceton_aco002788$2local
=035  \\$a(OCoLC)ocn175535313
=040  \\$aPUL$cPUL$dPUL
=035  \\$a(OCoLC)175535313
=035  \\$a(CStRLIN)NJPG87-B34832
=035  \\$9ABW2072TS
=035  \\$a(NjP)386611
=079  \\$aocm54291970
=049  \\$aPULL
=100  1\$6880-01$aNakhlah, Rufāʼīl.
=245  10$6880-02$aGharāʼib al-lughah al-ʻArabīyah/$cbi-qalam Rufāʼīl Nakhlah.
=260  \\$6880-03$a[Aleppo?] :$bR. Nakhlah,$c1954.
=300  \\$a136 p.$c22 cm.
=650  \0$aArabic language$xMiscellanea.
=880  1\$6100-01/r$aنخلة، رفائيل.
=880  10$6245-02/r$aغرائب اللغة العربية/$cبقلم رفائيل نخلة.
=880  \\$6260-03/r$a[الحلب؟] :$bر. نخلة،$c1954.
=998  \\$a07/24/87$s9114$nNjP$wNJPG87B34832$d07/23/87$cDGH$bDGH$i870724$lNJPG
=911  \\$a19921028
=912  \\$a19900827000000.0
=994  \\$aC0$bPUL
=999  \\$a386611
=852  00$0421987$brcppa$t1$hPJ6095$i.N34$xtr fr arab
=959  \\$a2000-06-13 00:00:00 -0500

