=LDR  03771cam a2200565 a 4500
=001  388213
=003  NjP
=005  20171012075933.0
=008  870731m19849999ir\h\\\\\b\\\\000\0\ara\d
=024  7\$aprinceton_aco003513$2local
=035  \\$a(OCoLC)ocn175548056
=035  \\$a(OCoLC)22315105
=040  \\$aNjP$cPUL$dPUL
=035  \\$a(OCoLC)175548056
=035  \\$a(CStRLIN)NJPG87-B36339
=035  \\$9ABW3679TS
=035  \\$a(NjP)388213
=079  \\$aocm22315105
=049  \\$aPULL
=100  1\$6880-01$aBaraghānī, Muḥammad Ṣāliḥ,$d-approximately 1853.$0http://id.loc.gov/authorities/names/n88294160
=240  10$6880-02$aMawsūʻat al-Baraghānī fī fiqh al-Shīʻah
=245  10$6880-03$aMawsūʻat al-Baraghānī fī fiqh al-Shīʻah, al-musammāh bi-Ghanīmat al-maʻād fī sharḥ al-irshād /$ctaʼlīf Muḥammad Ṣāliḥ al-Baraghānī al-Qazwīnī al-Ḥāʼirī ; taḥqīq wa-taqdīm ʻAbd al-Ḥusayn al-Ṣāliḥī.
=260  \\$6880-04$aṬihrān :$bNamāyashgāh-i Dāʼimī-i Kitāb,$c1405 [1984 or 5]-
=300  \\$av. :$bfacsims. ;$c25 cm.
=500  \\$6880-05$a"Kitāb fiqhī istidlālī riwāʼī istaʻāna bi-hi al-shaykh Muḥammad Ḥasan ṣāḥib al-Jawāhir fī mawsūʻat al-fiqhīyah (al-Jawāhir)."
=500  \\$aIntroduction dated 1405 [1984 or 5]
=504  \\$aIncludes bibliographical references.
=505  1\$6880-06$av. 1. Kitāb al-ṭahārah, qism 1 -- v. 2. Kitāb al-ṭahārah, qism 2 -- v. 3. Kitāb al-ṣalāah, qism 1 -- v. 4. Kitāb al-ṣalāah, qism 2 -- v. 5. Kitāb al-ṣalāah, qism 3 -- v. 6. Kitāb al-ṣalāah, qism 4 -- v. 7. Kitāb al-ṣalāah, qism 5 -- v. 8. Kitāb al-ṣalāah, qism 6.
=650  \0$aIslamic law$xInterpretation and construction.$0http://id.loc.gov/authorities/subjects/sh85068455
=650  \0$aShiites.$0http://id.loc.gov/authorities/subjects/sh85121432
=700  1\$6880-07$aṢāliḥī, ʻAbd al-Ḥusayn.
=740  0\$6880-08$aMawsūʻat al-Baraghānī fī fiqh al-Shīʻah.
=740  0\$6880-09$aGhanīmat al-maʻād fī sharḥ al-irshād.
=880  1\$6100-01/r$aبرغاني، محمد صالح،$d-approximately 1853.
=880  10$6240-02/r$aموسوعة البرغاني في فقه الشيعة
=880  10$6245-03/r$aموسوعة البرغاني في فقه الشيعة، المسماه بغنيمة المعاد في شرح الارشاد /$cتأليف محمد صالح البرغاني القزويني الحائري ؛ تحقيق وتقديم عبد الحسين الصالحي.
=880  \\$6260-04/r$aطهران :$bنمايشگاها دائميا كتاب،$c1405 [1984 or 5]
=880  \\$6500-05/r$a"كتاب فقهي استدلالي روائي استعان به الشيخ محمد حسن صاحب الجواهر في موسوعة الفقهية (الجواهر)."
=880  1\$6505-06/r$aڤ. 1. كتاب الطهارة، قسم 1 ڤ. 2. كتاب الطهارة، قسم 2 ڤ. 3. كتاب الصلاة، قسم 1 ڤ. 4. كتاب الصلاة، قسم 2 ڤ. 5. كتاب الصلاة، قسم 3 ڤ. 6. كتاب الصلاة، قسم 4 ڤ. 7. كتاب الصلاة، قسم 5 ڤ. 8. كتاب الصلاة، قسم 6.
=880  1\$6700-07/r$aصالحي، عبد الحسين.
=880  0\$6740-08/r$aموسوعة البرغاني في فقه الشيعة.
=880  0\$6740-09/r$aغنيمة المعاد في شرح الارشاد.
=998  \\$a10/06/92$s9118$nNjP$wNJPG87B36339$d07/31/87$cKVV$bJEB$i921006$lNJPG
=911  \\$a19921028
=912  \\$a19921006000000.0
=994  \\$aC0$bPUL
=999  \\$a388213
=852  81$0423685$brcppa$t1$hKBL$i.B373$xtr fr arab
=866  \0$0423685$80$ajuzʾ 1-8
=959  \\$a2000-06-13 00:00:00 -0400

