=LDR  01505cam a2200385 a 4500
=001  388818
=003  NjP
=005  20171012075958.0
=008  870106s1945\\\\ua\\\\\\\\\\\\000\0aara\d
=024  7\$aprinceton_aco002883$2local
=035  \\$a(OCoLC)ocn175552944
=040  \\$aNjP$cPUL$dPUL
=035  \\$a(OCoLC)175552944
=035  \\$a(CStRLIN)NJPG87-B369
=035  \\$9ABW4284TS
=035  \\$a(NjP)388818
=041  1\$aara$hrus
=079  \\$aocm80057607
=049  \\$aPULL
=100  1\$aGorky, Maksim,$d1868-1936.$0http://id.loc.gov/authorities/names/n80126152
=245  10$6880-01$aDhikrayāt Maksīm Jūrkī /$ctarjamat ʻAbd al-Muʻīn al-Mallūḥī.
=260  \\$6880-02$aal-Qāhirah :$bDār al-Qarn al-ʻIshrīn,$c[1945]
=300  \\$a184 p. ;$c21 cm.
=500  \\$6880-03$aAt head of title: Lajnat Nashr al-Thaqāfah al-Jadīdah.
=600  10$aGorky, Maksim,$d1868-1936.$0http://id.loc.gov/authorities/names/n80126152
=880  10$6245-01/r$aذكريات مكسيم جوركي /$cترجمة عبد المعين الملوحي.
=880  \\$6260-02/r$aالقاهرة :$bدار القرن العشرين،$c][1945.
=880  \\$6500-03/r$aAt head of title: لجنة نشر الثقافة الجديدة.
=998  \\$a09/09/88$s9118$nNjP$wNJPG87B369$d01/06/87$cDGH$bDGH$i880909$lNJPG
=911  \\$a19921028
=912  \\$a19900827000000.0
=994  \\$aC0$bPUL
=999  \\$a388818
=852  00$0424325$brcppa$t1$hPG3465$i.A627$xtr fr arab
=959  \\$a2000-06-13 00:00:00 -0500

