=LDR  02910cam a2200457Ia 4500
=001  3906972
=003  NjP
=005  20190705144414.0
=008  000301s1956\\\\ir\\\\\\\\\\\\000\0\arard
=024  7\$aprinceton_aco003763$2local
=040  \\$aIUL$cPUL$dPUL
=035  \\$a(NjP)3906972
=050  \4$aBP194$b.F38 1956
=049  \\$aPULL
=035  \\$a(OCoLC)ocm43549463
=100  1\$6880-01$aFayḍ al-Kāshī, Muḥammad ibn Murtaḍá,$d1598 or 1599-1680 or 1681$0http://id.loc.gov/authorities/names/n80032186
=240  10$6880-02$aWāfī
=245  10$6880-03$aKitāb al-Wāfī /$ctaʼlīf Muḥammad Muḥsin ibn al-Shāh Murtaḍá al-mushtahir bi-al-Fayḍ al-Kāshānī ; wa-ʻalayhi taʻlīqat Rafīʻ al-Dīn al-Nāʼīnī wa-mukhtarāt min taʻlīqat Murād ibn ʻAlaykhān al-Tafrīshī wa-taʻlīqat Sulṭān al-ʻUlamāʼ ; ʻuniya bi-al-taʻlīq wa-jamʻ al-ḥawāshī wa-taḥqīqihā wa-taṣḥīḥihā Abū al-Ḥasan al-madʻū bi-al-Shaʻrānī.
=260  \\$6880-04$aṬihrān :$bal-Maktabah al-Islāmīyah,$c1956.
=300  \\$a3 v.
=650  \0$aHadith (Shiites)$vEarly works to 1800.$0http://id.loc.gov/authorities/subjects/sh2008121359
=650  \0$aShīʻah$vEarly works to 1800.$0http://id.loc.gov/authorities/subjects/sh2008111617
=700  1\$6880-05$aRafīʻā, Muḥammad ibn Ḥaydar,$d1588 or 1589-1670?$0http://id.loc.gov/authorities/names/nr98039987
=700  1\$6880-06$aTafrīshī, Murād ibn ʻAlīkhān,$d1557 or 8-1642.
=700  1\$6880-07$aSulṭān al-ʻUlamāʼ, Ḥusayn ibn Rafīʻ,$dd. 1654?.
=700  1\$6880-08$aShaʻrānī, Abū al-Ḥasan.
=880  1\$6100-01/r$aفيض الكاشي، محمد بن مرتضى،$d1598 or 9-1680 or 81.
=880  10$6240-02/r$aوافي
=880  10$6245-03/r$aكتاب الوافي /$cتأليف محمد محسن بن الشاه مرتضى المشتهر بالفيض الكاشاني ؛ وعليه تعليقة رفيع الدين النائيني ومخترات من تعليقة مراد بن عليخان التفريشي وتعليقة سلطان العلماء ؛ عني بالتعليق وجمع الحواشي وتحقيقها وتصحيحها ابو الحسن المدعوا بالشعراني.
=880  \\$6260-04/r$aطهران :$bالمكتبة الاسلامية،$c1956.
=880  1\$6700-05/r$aرفيعا، محمد بن حيدر،$d1588 or 1589-1670?
=880  1\$6700-06/r$aتفريشي، مراد بن عليخان،$d1557 or 8-1642.
=880  1\$6700-07/r$aسلطان العلماء، حسين بن رفيع،$dd. 1654?.
=880  1\$6700-08/r$aشعراني، ابو الحسن.
=904  \\$amv$bo$hm$ct$e20030604
=994  \\$aC0$bPUL
=999  \\$a3906972
=979  \\$a(OCoLC)ocn178819413
=852  0\$04205197$brcppa$hBP194$i.F38 1956q$xtr fr nec
=866  \0$04205197$amujallad 1-3
=959  \\$a2009-02-17 17:25:13 -0400

