=LDR  00970cam a2200277 a 4500
=001  392822
=003  NjP
=005  20120521213514.0
=008  870821s1935\\\\le\\\\\\\b\\\\00010\ara\d
=024  7\$aprinceton_aco003778$2local
=035  \\$a(OCoLC)22317230
=035  \\$a(CStRLIN)NJPG87-B40542
=035  \\$9ABW8301TS
=040  \\$aNjP$cNjP
=043  \\$aa-sy---
=100  1\$aḤamādah, Saʻīd.
=245  13$aal-Niẓām al-naqdī wa-al-ṣarāfī fī Sūriyā /$ctaʾlīf Saʻīd Ḥamādah ; naqalahu ʻan al-Inkilīzīyah Shibl Dammūs.
=260  \\$a[Beirut] :$bal-Jāmiʻah al-Amirīkīyah fī Bayrūt,$c1935.
=300  \\$a325 p. ;$c24 cm.
=504  \\$aBibliography: p. 317-324.
=650  \0$aMoney$zSyria$xHistory.
=998  \\$a03/02/89$s9118$nNjP$wNJPG87B40542$d08/21/87$cDGH$bDGH$i890302$lNJPG
=911  \\$a19921028
=912  \\$a19900508000000.0
=852  00$0428557$brcppa$t1$hHG1311$i.H35$xtr fr arab
=959  \\$a2000-06-13 00:00:00 -0400

