=LDR  01223cam a2200301 a 4500
=001  398161
=003  NjP
=005  20171012080700.0
=008  870918s1984\\\\ir\\\\\\\b\\\\00010\ara\d
=024  7\$aprinceton_aco003464$2local
=035  \\$a(OCoLC)22319158
=035  \\$a(CStRLIN)NJPG87-B45429
=035  \\$9ABX3655TS
=040  \\$aNjP$cNjP
=100  1\$aJawāhirī, Ḥasan Muḥammad Taqī.
=245  13$aal-Ribā fiqhīyan wa-iqtiṣādīyan /$cḤasan Muḥammad Taqī al-Jawāhirī.
=260  \\$a[Qum] :$bH.M.T. Jawāhirī,$c1405 [1984 or 1985]
=300  \\$a483 p. ;$c25 cm.
=504  \\$aIncludes bibliographical references (p. 469-[473])
=502  \\$aThesis (B.A.)--Kullīyat al-Fiqh, Najaf, 1970.
=650  \0$aInterest (Islamic law)$0http://id.loc.gov/authorities/subjects/sh85067238
=650  \0$aFinance (Islamic law)$0http://id.loc.gov/authorities/subjects/sh88004573
=650  \0$aEconomics$xReligious aspects$xIslam.$0http://id.loc.gov/authorities/subjects/sh91004207
=998  \\$a10/13/89$s9118$nNjP$wNJPG87B45429$d09/18/87$cKVV$bKVV$i891013$lNJPG
=911  \\$a19921028
=912  \\$a19900508000000.0
=852  80$0434182$brcppa$t1$hKBL$i.J38$xtr fr arab
=959  \\$a2000-06-13 00:00:00 -0400

