=LDR  02205cam a2200421 a 4500
=001  398170
=003  NjP
=005  20190705140505.0
=008  870918m19831986ir\a\\\\\b\\\\000\0\ara\d
=024  7\$aprinceton_aco003802$2local
=040  \\$aNjP$cPUL$dPUL
=035  \\$a(CStRLIN)NJPG87-B45437
=035  \\$9ABX3664TS
=035  \\$a(NjP)398170
=049  \\$aPULL
=035  \\$a(OCoLC)ocm37482420
=100  1\$6880-01$aIbn al-Shahīd al-Thānī, al-Ḥasan,$d1551 or 1552-1602 or 1603.$0http://id.loc.gov/authorities/names/nr90003653
=245  10$6880-02$aMuntaqá al-jumān fī al-aḥādīth al-ṣiḥāḥ wa-al-ḥisān /$clil-Shaykh Jamāl al-Dīn Abī Manṣūr al-Ḥasan ibn Zayn al-Dīn al-Shahīd ; ṣaḥḥaḥahu wa-ʻallaqa ʻalayhi ʻAlī Akbar al-Ghaffārī.
=250  \\$aChāp-i 1.
=260  \\$6880-03$aQum :$bJāmiʻat al-Mudarrisīn fī al-Ḥawzah al-ʻIlmīyah,$c1362-1365 [1983 or 1984-1986 or 1987]
=300  \\$a3 v. :$bill. ;$c25 cm.
=500  \\$a"646" ; "647" ; "648"--Individual covers.
=504  \\$aIncludes bibliographical references.
=650  \0$aHadith$xAuthorities$xEarly works to 1800.$0http://id.loc.gov/authorities/subjects/sh2008105461
=650  \0$aShiites.$0http://id.loc.gov/authorities/subjects/sh85121432
=700  1\$6880-04$aGhaffārī, ʻAlī Akbar.
=880  1\$6100-01/r$aابن الشهيد الثاني، الحسن،$d1551 or 1552-1602 or 1603.
=880  10$6245-02/r$aمنتقى الجمان في الاحاديث الصحاح والحسان /$cللشيخ جمال الدين ابي منصور الحسن بن زين الدين الشهيد ؛ صححه وعلق عليه علي اكبر الغفاري.
=880  \\$6260-03/r$aقم :$bجامعة المدرسين في الحوزة العلمية،$c1362-1365 [1983 or 1984-1986 or 1987]
=880  1\$6700-04/r$aغفاري، علي اكبر.
=998  \\$a03/02/90$s9118$nNjP$wNJPG87B45437$d09/18/87$cJEB$bJEB$i900302$lNJPG
=911  \\$a19921028
=912  \\$a19910104000000.0
=994  \\$aC0$bPUL
=999  \\$a398170
=979  \\$a(OCoLC)ocn175628079
=852  00$0434192$brcppa$t1$hBP136.48$i.I2638 1983$xtr fr nec
=959  \\$a2000-06-13 00:00:00 -0400

