=LDR  02613cam a2200517 a 4500
=001  398403
=003  NjP
=005  20170605130052.0
=008  870918m19839999ir\\\\\\\b\\\\000\0\ara\d
=024  7\$aprinceton_aco003485$2local
=035  \\$a(OCoLC)ocn175630008
=040  \\$aNjP$cPUL$dPUL
=035  \\$a(OCoLC)175630008
=035  \\$a(CStRLIN)NJPG87-B45650
=035  \\$9ABX3897TS
=035  \\$a(NjP)398403
=079  \\$aocn175307291
=049  \\$aPULL
=100  1\$6880-01$aFāz̤il Lankarānī, Muḥammad.
=240  10$6880-02$aTafṣīl al-sharīʻah fī sharḥ Taḥrīr al-wasīlah
=245  13$6880-03$aal-Ijārah min kitāb Tafṣīl al-sharīʻah fī sharḥ Taḥrīr al-wasīlah /$cbi-qalam Muḥammad al-Muwaḥḥidī al-Lankarānī al-shahīr bi-al-Fāḍil.
=250  \\$6880-04$aal-Ṭabʻah 1.
=260  \\$6880-05$aQum :$b[s.n.],$c1404- [1983 or 1984- ]
=300  \\$av. ;$c25 cm.
=500  \\$aVol. title preceeds title on title pages.
=504  \\$aIncludes bibliographical references.
=505  1\$6880-06$aal-juzʼ 1. al-Ijārah -- al-juzʼ 2. Kitāb al-qiṣāṣ -- al-juzʼ 3. Kitāb al-ṭahārah, al-najāsāt wa-aḥkāmuhā -- al-juzʼ 4. al-Juzʼ al-awwal min mabāḥith al-ḥajj.
=600  10$6880-07$aKhomeini, Ruhollah.$tTaḥrīr al-wasīlah.
=650  \0$aIslamic law$xInterpretation and construction.$0http://id.loc.gov/authorities/subjects/sh85068455
=740  0\$6880-08$aTafṣīl al-sharīʻah.
=880  1\$6100-01/r$aFāz̤il Lankarānī، محمد.
=880  10$6240-02/r$aتفصيل الشريعة في شرح تحرير الوسيلة
=880  12$6245-03/r$aالاجارة من كتاب تفصيل الشريعة في شرح تحرير الوسيلة /$cبقلم محمد الموحدي اللنكراني الشهير بالفاضل.
=880  \\$6250-04/r$aالطبعة 1.
=880  \\$6260-05/r$aقم :$b[s.n.]،$c1404- [1983 or 1984- ]
=880  1\$6505-06/r$aالجزء 1. الاجارة الجزء 2. كتاب القصاص الجزء 3. كتاب الطهارة، النجاسات واحكامها الجزء 4. الجزء الاول من مباحث الحج.
=880  10$6600-07/r$aخمن، رهلة.$tتحرير الوسيلة.
=880  0\$6740-08/r$aتفصيل الشريعة.
=998  \\$a07/19/94$s9118$nNjP$wNJPG87B45650$d09/18/87$cKVV$bKC$i940719$lNJPG
=911  \\$a19940825
=912  \\$a19940719000000.0
=994  \\$aC0$bPUL
=999  \\$a398403
=852  81$0434437$brcppa$t1$hKBL$i.F3252$xtr fr arab
=866  \0$0434437$60$ajuzʾ 1-4
=959  \\$a2000-06-13 00:00:00 -0400

