=LDR  01377cam a2200361 a 4500
=001  398754
=003  NjP
=005  20171012080730.0
=008  870921s1985\\\\ir\\\\\\\\\\\\000\0\ara\d
=024  7\$aprinceton_aco003616$2local
=035  \\$a(OCoLC)ocn175632815
=040  \\$aNjP$cPUL$dPUL
=035  \\$a(OCoLC)175632815
=035  \\$a(CStRLIN)NJPG87-B45969
=035  \\$9ABX4249TS
=035  \\$a(NjP)398754
=079  \\$aocm81411241
=049  \\$aPULL
=100  1\$6880-01$aTabrīzī, Yūsuf al-Madanī.
=245  13$6880-02$aal-Irshād ilá wilāyat al-faqīh /$ctaʼlīf Yūsuf al-Madanī al-Tabrīzī.
=260  \\$6880-03$aQum :$bal-Maṭbaʻah al-ʻIlmīyah,$c1406 [1985].
=300  \\$a288 p. ;$c24 cm.
=650  \0$aIslamic law$xInterpretation and construction.$0http://id.loc.gov/authorities/subjects/sh85068455
=880  1\$6100-01/r$aتبريزي، يوسف المدني.
=880  12$6245-02/r$aالارشاد الى ولاية الفقيه /$cتأليف يوسف المدني التبريزي.
=880  \\$6260-03/r$aقم :$bالمطبعة العلمية،$c1406 [1985].
=998  \\$a01/04/90$s9118$nNjP$wNJPG87B45969$d09/21/87$cKVV$bKVV$i900104$lNJPG
=911  \\$a19921028
=912  \\$a19910104000000.0
=994  \\$aC0$bPUL
=999  \\$a398754
=852  80$0434806$brcppa$t1$hKBL$i.T325$xtr fr arab
=959  \\$a2007-07-23 08:45:47 -0400

