=LDR  01367cam a2200313 a 4500
=001  399001
=003  NjP
=005  20170905102630.0
=008  870922q19801987ir\\\\\\\b\\\\00010\ara\d
=024  7\$aprinceton_aco002086$2local
=035  \\$a(OCoLC)81065080
=035  \\$a(CStRLIN)NJPG87-B46191
=035  \\$9ABX4496TS
=035  \\$a399001
=040  \\$aNjP$cNjP
=100  2\$aNajafī al-Tabrīzī, Rāḍī.
=245  10$aTaḥlīl al-kalām fī sharḥ qaḍāʼ Sharāʼiʻ al-Islām /$ctaʼlīf Rāḍī al-Najafī al-Tibrīzī.
=260  \\$a[Qum? :$bs.n.,$c198-?]
=300  \\$a832 p. ;$c24 cm.
=504  \\$aIncludes bibliographical references.
=500  \\$aErrata slip inserted.
=600  10$aMuḥaqqiq al-Ḥillī, Jaʻfar ibn al-Ḥasan,$d1205 or 1206-1277.$tSharāʼiʻ al-Islām.$0http://id.loc.gov/authorities/names/n96066652
=650  \0$aIslamic law$xInterpretation and construction$xEarly works to 1800.$0http://id.loc.gov/authorities/subjects/sh2008104962
=700  12$aMuḥaqqiq al-Ḥillī, Jaʻfar ibn al-Ḥasan,$d1205 or 1206-1277.$tSharāʼiʻ al-Islām.$0http://id.loc.gov/authorities/names/n88259632
=998  \\$a09/14/90$s9118$nNjP$wNJPG87B46191$d09/22/87$cKVV$bJEB$lNJPG
=911  \\$a19921028
=912  \\$a19990707041739.0
=852  00$0435061$bnec$t1$hKBP370.M84$iA37 1980z
=959  \\$a2000-06-13 00:00:00 -0400

