=LDR  01603cam a2200325 a 4500
=001  399786
=003  NjP
=005  20171012080812.0
=008  870924s1985\\\\ir\\\\\\\b\\\\00110\ara\d
=024  7\$aprinceton_aco003141$2local
=035  \\$a(OCoLC)22320423
=035  \\$a(CStRLIN)NJPG87-B46909
=035  \\$9ABX5282TS
=040  \\$aNjP$cNjP
=100  2\$aAbū Nuʻaym al-Iṣbahānī, Aḥmad ibn ʻAbd Allāh,$d948-1038.$0http://id.loc.gov/authorities/names/nr89011490
=245  13$aal-Nūr al-mushtaʻil min kitāb Mā nazala min al-Qurʼān fī ʻAlī ʻalayhi al-salām /$ctaʼlīf Aḥmad ibn ʻAbd Allāh ibn Aḥmad ibn Isḥāq al-maʻrūf bi-Abī Nuʻaym al-Iṣbahānī ; jamaʻahu wa-rattabahu wa-qaddama la-hu wa-ʻallaqa ʻalayhi Muḥammad Bāqir al-Maḥmūdī.
=250  \\$aal-Ṭabʻah 1.
=260  \\$a[Tehran] :$bWizārat al-Irshād al-Islāmī,$c1406 [1985 or 1986]
=300  \\$a306 p. ;$c25 cm.
=500  \\$aTitle page vocalized.
=504  \\$aIncludes bibliographical references and index.
=600  00$aʻAlī ibn Abī Ṭālib,$cCaliph,$dapproximately 600-661.$0http://id.loc.gov/authorities/names/n50039100
=630  00$aQurʼan.$0http://id.loc.gov/authorities/subjects/sh85072953
=700  1\$aMaḥmūdī, Muḥammad Bāqir.
=740  0\$aMā nazala min al-Qurʼān fī ʻAlī ʻalayhi al-salām.
=998  \\$a04/06/89$s9118$nNjP$wNJPG87B46909$d09/24/87$cKVV$bKVV$i890406$lNJPG
=911  \\$a19921028
=912  \\$a19951024053010.0
=852  00$0435886$brcppa$t1$hBP193.1.A3$iA286 1985$xtr fr nec
=959  \\$a2000-06-13 00:00:00 -0400

