=LDR  01770cam a2200433 a 4500
=001  408209
=003  NjP
=005  20171012081407.0
=008  871102m19859999ir\\\\\\\b\\\\000\0\ara\d
=024  7\$aprinceton_aco003490$2local
=035  \\$a(OCoLC)ocn175715115
=040  \\$aNjP$cPUL$dPUL
=035  \\$a(OCoLC)175715115
=035  \\$a(CStRLIN)NJPG87-B54689
=035  \\$9ABY3722TS
=035  \\$a(NjP)408209
=079  \\$aocm23932341
=049  \\$aPULL
=100  1\$6880-01$aMuẓaffarī, Muḥammad.
=245  10$6880-02$aĪḍāḥ al-ḥujjah fī sharḥ al-ʻUrwah /$ctaʼlīf Muḥammad al-Muẓaffarī.
=260  \\$6880-03$aQum :$bal-Maṭbaʻah al-ʻIlmīyah,$c1405- [1985- ]
=300  \\$av. ;$c25 cm.
=500  \\$aVols. 2- have statement: al-Ṭabʻah 1.
=504  \\$aIncludes bibliographical references.
=600  10$6880-04$aṬabāṭabāʼī al-Yazdī, Muḥammad Kāẓim,$d-1919.$tʻUrwah al-wuthqá.
=650  \0$aIslam$xCustoms and practices.$0http://id.loc.gov/authorities/subjects/sh87005732
=650  \0$aShīʻah.$0http://id.loc.gov/authorities/subjects/sh85121390
=880  1\$6100-01/r$aمزفري، محمد.
=880  10$6245-02/r$aايضاح الحجة في شرح العروة /$cتأليف محمد المظفري.
=880  \\$6260-03/r$aقم :$bالمطبعة العلمية،$c1405- [1985- ]
=880  14$6600-04/r$aطباطبائي اليزدي، محمد كازم،$d-1919.$tعروة الوثقى.
=998  \\$a05/31/94$s9118$nNjP$wNJPG87B54689$d11/02/87$cJEB$bKC$i940531$lNJPG
=911  \\$a19940612
=912  \\$a19940531000000.0
=994  \\$aC0$bPUL
=999  \\$a408209
=852  01$0444750$brcppa$t1$hBP174$i.M89$xtr fr arab
=866  \0$0444750$ajuzʾ 1-4
=959  \\$a2000-06-13 00:00:00 -0400

