=LDR  00854nam a22002537  4500
=001  4091412
=003  NjP
=005  20040113090113.0
=008  931101s1968\\\\iq\\\\\\\b\\\\000\0\arard
=024  7\$aprinceton_aco002602$2local
=035  \\$a(MH)MHBHL54053HU
=035  \\$a(OCoLC)29232530
=035  \\$a(CStRLIN)MAHGBHL54053-B
=040  \\$aCU$cCU$dMH$dCStRLIN$dNjP
=050  \4$aDT393.A12$bA7
=100  1\$aAsʻad, Rashīd Jabr.
=245  10$aThabat al-maṣādir al-ʻArabīyah ʻan al-qaḍīyah al-Arītirīyah /$ctaʾlīf Rashīd Jabr al-Asʻad.
=250  \\$aal-Ṭabʻah 1.
=260  \\$aBaghdād :$bMaṭbaʻat al-Azhar,$c1968.
=300  \\$a30 p. ;$c22 cm.
=651  \0$aEritrea$xPolitics and government$vBibliography.
=902  \\$ajab$br$6a$7m$dv$f0$e20040113
=852  0\$04372258$bnec$hDT393.A12$iA7 1968
=959  \\$a2011-01-20 10:53:40 -0500

