=LDR  01440cam a2200301 a 4500
=001  410071
=003  NjP
=005  20170605130946.0
=008  871110q19801987ir\\\\\\\b\\\\00010\ara\d
=024  7\$aprinceton_aco003176$2local
=035  \\$a(OCoLC)26188216
=035  \\$a(CStRLIN)NJPG87-B56398
=035  \\$9ABY5591TS
=040  \\$aNjP$cNjP$dNjP
=100  1\$aṢadr, Muḥammad.
=245  10$aTārīkh al-ghaybah al-kubrá :$byatakaffalu fahm Islāmī jadīd li-ghaybat al-Imām al-Mahdī wa-sharāʾiṭ ẓuhūrihi wa-ʻalāmātihi wa-taklīf al-fard al-Muslim khilāla dhālik /$ctaʾliīf Muḥammad al-Ṣadr.
=260  \\$aIṣfāhan :$bKitābkhānah ʻUmūmī Imām Amīr al-Muʾmīnīn ʻAlī,$c[198-]
=490  1\$aMawsūʻat al-Imām al-Mahdī ;$val-kitāb 2
=504  \\$aIncludes bibliographical references.
=600  10$aMahdī, Muḥammad ibn al-Ḥasan,$db. 869.$0http://id.loc.gov/authorities/names/n84077035
=600  20$aḤasan al-ʻAskarī ibn ʻAlī,$d844-874.
=600  00$aʻAlī al-Hādī,$d828?-868.$0http://id.loc.gov/authorities/names/n85307245
=800  1\$aṢadr, Muḥammad.$tMawsūʻat al-Imām al-Mahdī.$f1983 ;$val-kitāb 2.
=998  \\$a06/29/92$s9118$nNjP$wNJPG87B56398$d11/10/87$cJAB$bJEB$i920629$lNJPG
=911  \\$a19921028
=912  \\$a19971104032705.0
=852  00$0446724$brcppa$t1$hBP193.22$i.S237 v.2 1980$xtr fr nec
=959  \\$a2000-06-13 00:00:00 -0400

