=LDR  01204cam a2200313 a 4500
=001  415706
=003  NjP
=005  20170613155122.0
=008  871210m19129999ua\ac\\\\\\\\\00010\ara\d
=024  7\$aprinceton_aco004273$2local
=035  \\$a(OCoLC)81680185
=035  \\$a(CStRLIN)NJPG87-B61632
=035  \\$9ABZ1242TS
=040  \\$aNjP$cNjP
=041  1\$aara$heng
=100  1\$aTreves, Sir Frederick,$cSir,$d1853-1923.
=240  10$aSurgical applied anatomy.$lArabic
=245  13$aal-Tashrīḥ al-jirāḥī /$ctaʾlīf Fridirīk Trīfus wa-Arthur Kīth ; taʻrīb Muḥammad ʻAbd al-Ḥamīd.
=250  \\$aal-Ṭabʻah 6.
=260  \\$a[Cairo] :$bMaṭbaʻat al-Maʻārif,$c1912-
=300  \\$av. :$bill. (some col.) ;$c20 cm.
=650  \0$aAnatomy, Surgical and topographical.$0http://id.loc.gov/authorities/subjects/sh85004845
=700  1\$aKeith, Arthur,$cSir,$d1866-1955.$0http://id.loc.gov/authorities/names/n86848728
=998  \\$a12/10/90$s9118$nNjP$wNJPG87B61632$d12/10/87$cKVV$bKVV$i901210$lNJPG
=911  \\$a19921028
=912  \\$a19910104000000.0
=852  01$0452763$brcppa$t1$hQM531$i.T73 1912$xtr fr arab
=866  \0$0452763$80$ajuzʾ 1
=959  \\$a2000-06-13 00:00:00 -0500

