=LDR  00932cam a2200265 a 4500
=001  416025
=003  NjP
=005  20120521221433.0
=008  871211s1937\\\\ua\ab\\\\\\\\f00010\ara\d
=024  7\$aprinceton_aco003723$2local
=035  \\$a(OCoLC)81572915
=035  \\$a(CStRLIN)NJPG87-B61923
=035  \\$9ABZ1562TS
=040  \\$aNjP$cNjP
=043  \\$af-ua---
=100  1\$aRashād, Ibrāhīm.
=245  10$aWājibunā al-taʻāwunī baʻda al-muʻāhadah /$cmuḥāḍarah alqāhā Ibrāhīm Rashād.
=260  \\$aal-Qāhirah :$bWizārat al-Mālīyah, Qism al-Taʻāwun,$c1937.
=300  \\$a20 p., [26] p. of plates :$bill., map ;$c25 cm.
=650  \0$aCooperative societies$zEgypt.
=998  \\$a11/09/90$s9118$nNjP$wNJPG87B61923$d12/11/87$cJEB$bJEB$i901109$lNJPG
=911  \\$a19921028
=912  \\$a19910104000000.0
=852  00$0453098$brcppa$t1$hHD3559.A4$iR37$xtr fr arab
=959  \\$a2000-06-13 00:00:00 -0400

