=LDR  01513cam a2200361 a 4500
=001  416045
=003  NjP
=005  20190705140606.0
=008  871211s1956\\\\iq\\\\\\\b\\\\000\0\ara\d
=024  7\$aprinceton_aco003843$2local
=040  \\$aNjP$cPUL$dPUL
=035  \\$a(CStRLIN)NJPG87-B61941
=035  \\$9ABZ1582TS
=035  \\$a(NjP)416045
=049  \\$aPULL
=035  \\$a(OCoLC)ocm81421583
=100  1\$6880-01$aĀl ʻUṣfūr, Bāqir ibn Aḥmad ibn Khalaf,$d1885 or 1886-$0http://id.loc.gov/authorities/names/nr91000607
=245  13$6880-02$aal-Mazāyā wa-al-aḥkām li-ism Nabī al-Islām /$ctaʼlīf Bāqir ibn ... Aḥmad ibn ... Khalaf Āl ʻUṣfūr.
=260  \\$6880-03$aal-Najaf :$bMaktabat al-Najāḥ,$c1956.
=300  \\$a68 p. ;$c21 cm.
=504  \\$aIncludes bibliographical references.
=600  00$aMuḥammad,$cProphet,$dd. 632$xName.
=880  1\$6100-01/r$aآل عصفور، باقر بن احمد بن خلف،$d1885 or 1886-
=880  12$6245-02/r$aالمزايا والاحكام لاسم نبي الاسلام /$cتأليف باقر بن ... احمد بن ... خلف آل عصفور.
=880  \\$6260-03/r$aالنجف :$bمكتبة النجاح،$c1956.
=998  \\$a12/18/90$s9118$nNjP$wNJPG87B61941$d12/11/87$cJEB$bJEB$i901218$lNJPG
=911  \\$a19921028
=912  \\$a19910104000000.0
=994  \\$aC0$bPUL
=999  \\$a416045
=979  \\$a(OCoLC)ocn175779844
=852  00$0453118$brcppa$t1$hBP166.5$i.A48$xtr fr nec
=959  \\$a2000-06-13 00:00:00 -0400

