=LDR  01667cam a2200397 a 4500
=001  417987
=003  NjP
=005  20171012082034.0
=008  871223s1914\\\\sy\\\\\\\\\\\\000\0\ara\d
=024  7\$aprinceton_aco003489$2local
=035  \\$a(OCoLC)ocn175795020
=035  \\$a(OCoLC)175795020
=035  \\$a(CStRLIN)NJPG87-B63746
=035  \\$9ABZ3530TS
=035  \\$a(NjP)417987
=040  \\$aNjP$cPUL$dPUL
=049  \\$aPULL
=079  \\$aocm80401574
=245  00$6880-01$aHādhihi risālah fī al-tawḥīd wa-al-tathlīth :$bwa-hiya jawāb li-risālah jāʼatnī khuṣūṣan min nawāḥī Sūriyā mimman lam yuʻarrifnī nafsah = at-Tawhïd oi-ttasliss.
=260  \\$6880-02$aṢaydā :$bMaṭbaʻah al-ʻIrfān,$c1914.
=300  \\$a56 p. ;$c24 cm.
=500  \\$aErrata slip inserted.
=650  \0$aTrinity.$0http://id.loc.gov/authorities/subjects/sh85137555
=740  0\$6880-03$aTawhïd oi-ttasliss.
=880  00$6245-01/r$aهذه رسالة في التوحيد والتثليث :$bوهي جواب لرسالة جاءتني خصوصن من نواحي سوريا ممن لم يعرفني نفسة = التوحيد تسلس.
=880  \\$6260-02/r$aصيدا :$bمطبعة العرفان،$c1914.
=880  0\$6740-03/r$aالتوحيد تسلس.
=856  4\$uhttp://hdl.handle.net/2027/njp.32101016271569
=998  \\$a08/07/90$s9118$nNjP$wNJPG87B63746$d12/23/87$cJEB$bJEB$i900807$lNJPG
=911  \\$a19921028
=912  \\$a19910104000000.0
=994  \\$aC0$bPUL
=999  \\$a417987
=852  00$0455209$brcppa$t1$hBT111$i.H32$xtr fr arab
=852  8\$08679707$belf1$hElectronic Resource
=959  \\$a2000-06-08 00:00:00 -0400

