=LDR  00979cam a2200265 a 4500
=001  435200
=003  NjP
=005  20171012083028.0
=008  880328s1984\\\\ir\a\\\\\\\\\\00010\ara\d
=024  7\$aprinceton_aco002854$2local
=035  \\$a(OCoLC)30581008
=035  \\$a(CStRLIN)NJPG88-B16621
=035  \\$9ACB0805TS
=040  \\$aNNU$cNNU$dNjP
=100  1\$aJisr, Nadīm.
=245  10$aQiṣṣat al-īmān bayna al-falsafah wa-al-ʻilm wa-al-Qurʾān /$cNadīm al-Jisr.
=260  \\$aQum :$bDār al-Muthaqqaf al-Muslim,$c1362 [1983 or 1984]
=300  \\$a451 p. :$bill. ;$c24 cm.
=650  \0$aIslam and philosophy.$0http://id.loc.gov/authorities/subjects/sh85068418
=650  \0$aIslam$xDoctrines.$0http://id.loc.gov/authorities/subjects/sh85068396
=998  \\$a06/01/94$s9114$nNjP$wNYUG87B22501$d03/28/88$cKVV$bPG$i940601$lNJPG
=911  \\$a19940612
=912  \\$a19940601000000.0
=852  00$0474064$brcppa$t1$hBP163$i.J57$xtr fr arab
=959  \\$a2000-06-13 00:00:00 -0500

