=LDR  00923cam a2200265 a 4500
=001  435431
=003  NjP
=005  20171012083038.0
=008  880114s1982\\\\ir\\\\\\\\\\\\00010\ara\d
=024  7\$aprinceton_aco002915$2local
=035  \\$a(OCoLC)23697630
=035  \\$a(CStRLIN)NJPG88-B1684
=035  \\$9ACB1037TS
=040  \\$aNjP$cNjP
=100  1\$aṢadr, Muḥammad Bāqir.
=245  10$aRisālatuna /$cMuḥammad Bāqir al-Ṣadr ; qaddama la-hu Muḥammad Ḥusayn Faḍl Allāh.
=250  \\$aal-Ṭabʻah 2.
=260  \\$aṬihrān :$bMaktabat al-Najāḥ,$c1982.
=300  \\$a143 p. ;$c24 cm.
=650  \0$aIslam$y20th century.$0http://id.loc.gov/authorities/subjects/sh85068392
=998  \\$a01/29/91$s9118$nNjP$wNJPG88B1684$d01/14/88$cJEB$bJEB$i910129$lNJPG
=911  \\$a19921028
=912  \\$a19910129000000.0
=852  00$0474306$brcppa$t1$hBP165$i.S22 1982$xtr fr arab
=959  \\$a2000-06-13 00:00:00 -0500

