=LDR  01185cam a2200313 a 4500
=001  438796
=003  NjP
=005  20171013095908.0
=008  880415s1982\\\\ir\\\\\\\b\\\\00010\ara\\
=024  7\$aprinceton_aco003236$2local
=010  \\$a   85124480 /NE 
=035  \\$a(OCoLC)13329776
=035  \\$a(CStRLIN)NJPG88-B19929
=035  \\$9ACB4409TS
=040  \\$dCStRLIN$dNjP
=041  1\$aara$hper
=050  0\$aBP170$b.H37 1982
=100  1\$aHāshimīʹnizhād, ʻAbd al-Karīm.
=245  10$aShubuhāt wa-ḥulūl /$cʻAbd al-Karīm Hāshīmīʹnizhād.
=260  \\$a[Tihrān] :$bMunaẓẓamat al-Iʻlām al-Islāmī, Qism al-ʻAlāqāt al-Dawlīyah,$c1982.
=300  \\$a97 p. ;$c22 cm.
=504  \\$aIncludes bibliographical references.
=650  \0$aIslam$xApologetic works.$0http://id.loc.gov/authorities/subjects/sh85068393
=650  \0$aShīʻah$xApologetic works.$0http://id.loc.gov/authorities/subjects/sh2008111613
=998  \\$a09/27/91$s9110$nNjP$wNJPG88B19929$d04/15/88$cJEB$bJEB$i910927$lNJPG
=911  \\$a19921028
=912  \\$a19910927000000.0
=852  00$0477893$brcppa$t1$hBP170$i.H37125 1982$xtr fr arab
=959  \\$a2000-06-13 00:00:00 -0400

