=LDR  01678cam a2200421 a 4500
=001  439014
=003  NjP
=005  20171013095921.0
=008  880418m19641965ir\\\\\\\b\\\\000\0\ara\d
=024  7\$aprinceton_aco003290$2local
=035  \\$a(OCoLC)ocn175954653
=035  \\$a(OCoLC)51478126
=040  \\$aNjP$cPUL$dPUL
=035  \\$a(OCoLC)175954653
=035  \\$a(CStRLIN)NJPG88-B20147
=035  \\$9ACB4627TS
=035  \\$a(NjP)439014
=079  \\$aocm51478126
=049  \\$aPULL
=100  1\$6880-01$aḤusaynī al-Rūḥānī, Muḥammad Ṣādiq.
=245  13$6880-02$aal-Masāʼil al-mustaḥdathah /$ctaʼlīf Muḥammad Ṣādiq al-Ḥusaynī al-Rūḥānī.
=250  \\$6880-03$aal-Ṭabʻah 1.
=260  \\$6880-04$aQum :$bMuʼassasat Maṭbuʻātī Dār al-Fikr,$c1384-1385 [1964-1965]
=300  \\$a2 v. ;$c25 cm.
=500  \\$aTitle page partially vocalized.
=504  \\$aIncludes bibliographical references.
=650  \0$aIslamic law$xInterpretation and construction.$0http://id.loc.gov/authorities/subjects/sh85068455
=880  1\$6100-01/r$aحسيني الروحاني، محمد صادق.
=880  12$6245-02/r$aالمسائل المستحدثة /$cتأليف محمد صادق الحسيني الروحاني.
=880  \\$6250-03/r$aالطبعة 1.
=880  \\$6260-04/r$aقم :$bمؤسسة مطبعاتي دار الفكر،$c1384-1385 [1964-1965]
=998  \\$a07/13/90$s9118$nNjP$wNJPG88B20147$d04/18/88$cJEB$bJEB$i900713$lNJPG
=911  \\$a19921028
=912  \\$a19910104000000.0
=994  \\$aC0$bPUL
=999  \\$a439014
=852  80$0478130$brcppa$t1$hKBL$i.H87225$xtr fr arab
=959  \\$a2000-06-13 00:00:00 -0400

