=LDR  01345cam a2200301 a 4500
=001  441049
=003  NjP
=005  20171013100122.0
=008  880428s1985\\\\ir\a\\\\\b\\\\001|0\ara\d
=024  7\$aprinceton_aco002758$2local
=035  \\$a(OCoLC)25296603
=035  \\$a(CStRLIN)NJPG88-B22100
=035  \\$9ACB6664TS
=040  \\$aNjP$cNjP
=100  1\$aAwsī, ʻAlī.
=245  13$aal-Ṭabāṭabāʼī wa-manhajuhu fī tafsīrihi al-Mīzān /$cal-muʼallif ʻAlī al-Awsī.
=250  \\$aal-Ṭabʻah 1.
=260  \\$a[Tehran] :$bMuʻāwanīyat al-Riʼāsah lil-ʻAlāqāt al-Duwalīyah fī Munaẓẓamat al-Iʻlām al-Islāmī,$c1985.
=300  \\$a316 p. :$bill. ;$c24 cm.
=504  \\$aIncludes bibliographical references (p. 269-285) and indexes.
=600  10$aṬabāṭabāʼī, Muḥammad Ḥusayn.$0http://id.loc.gov/authorities/names/n81126909
=600  10$aṬabāṭabāʼī, Muḥammad Ḥusayn.$tMīzān fī tafsīr al-Qurʼān.$0http://id.loc.gov/authorities/names/n2014216444
=630  00$aQurʼan$xHermeneutics.$0http://id.loc.gov/authorities/subjects/sh85072967
=998  \\$a02/04/92$s9118$nNjP$wNJPG88B22100$d04/28/88$cJEB$bJEB$i920204$lNJPG
=911  \\$a19921028
=912  \\$a19920204000000.0
=852  00$0480279$brcppa$t1$hBP130.2$i.A97$xtr fr arab
=959  \\$a2000-06-13 00:00:00 -0500

