=LDR  02248cam a2200481 a 4500
=001  441065
=003  NjP
=005  20170605130139.0
=008  880428m19871996ir\\\\\\\b\\\\000\0\ara\d
=024  7\$aprinceton_aco002466$2local
=035  \\$a(OCoLC)22320047
=035  \\$a(OCoLC)ocn175969415
=035  \\$a(OCoLC)175969415
=035  \\$a(CStRLIN)NJPG88-B22115
=035  \\$9ACB6680TS
=035  \\$a(NjP)441065
=040  \\$aNjP$cPUL$dPUL
=049  \\$aPULL
=079  \\$aocm22320047
=100  1\$6880-01$aṬūsī, Muḥammad ibn al-Ḥasan,$d995-1067?$0http://id.loc.gov/authorities/names/n80149963
=245  13$6880-02$aal-Khilāf /$ctaʼlīf Abī Jaʻfar Muḥammad ibn al-Ḥasan al-Ṭūsī.
=260  \\$6880-03$a[Qum] :$bMuʼassasat al-Nashr al-Islāmī al-tābiʻah li-Jamāʻat al-Mudarrisīn bi-Qum al-Musharrafah,$c1407-1417 [1987-1996 or 1997]
=300  \\$a6 v. ;$c25 cm.
=500  \\$a"444-449."
=500  \\$6880-04$aVols. 2-6 have title: Kitāb al-Khilāf; vols. 2-4 have edition statement: al-Tabʻah al-jadīdah.
=504  \\$aIncludes bibliographical references.
=650  \0$aIslamic law$xEarly works to 1800.$0http://id.loc.gov/authorities/subjects/sh2008104963
=650  \0$aShīʻah$xEarly works to 1800.$0http://id.loc.gov/authorities/subjects/sh2008111617
=740  0\$6880-05$aKitāb al-Khilāf.
=880  1\$6100-01/r$aطوسي، محمد بن الحسن،$d995-1067؟
=880  12$6245-02/r$aالخلاف /$cتأليف ابي جعفر محمد بن الحسن الطوسي.
=880  \\$6260-03/r$a[قم] :$bمؤسسة النشر الاسلامي الطابعة لجماعة المدرسين بقم المشرفة،$c1407-1417 [1987-1996 or 1997]
=880  \\$6500-04/r$aVols. 2-6 have title: كتاب الخلاف؛vols. . 2-4 have edition statement: التبعة الجديدة.
=880  0\$6740-05/r$aكتاب الخلاف.
=998  \\$a07/18/94$s9118$nNjP$wNJPG88B22115$d04/28/88$cKE$bKC$i940718$lNJPG
=911  \\$a19940825
=912  \\$a19980512042536.0
=994  \\$aC0$bPUL
=999  \\$a441065
=852  01$0480295$bnec$t1$hKBP370.T88$iA335 1987
=866  \0$0480295$80$ajuzʾ 1-6
=866  \0$0480295$80$xDESIGNATOR: al-Juzʾ
=959  \\$a2000-06-13 00:00:00 -0500

