=LDR  02000cam a2200421 a 4500
=001  441585
=003  NjP
=005  20171013100155.0
=008  880502s1983\\\\ir\\\\\\\b\\\\000\0\ara\d
=024  7\$aprinceton_aco003481$2local
=035  \\$a(OCoLC)ocn175973339
=040  \\$aNjP$cPUL$dPUL
=035  \\$a(OCoLC)175973339
=035  \\$a(CStRLIN)NJPG88-B22601
=035  \\$9ACB7200TS
=035  \\$a(NjP)441585
=079  \\$aocm25461115
=049  \\$aPULL
=100  1\$6880-01$aMarūjī al-Qazwīnī, ʻAlī.
=245  13$6880-02$aal-Durar wa-al-laʼālī fī furūʻ al-alam al-ijmālī :$btaqrīr abḥāth samāḥat sayyidinā al-ustādh Āyat Allāh al-ʻUẓmá al-ḥājj al-Sayyid Taqī al-Ṭabāṭabāʼī al-Qummī /$cʻAlī al-Marūjī al-Qazwīnī.
=250  \\$6880-03$aal-Ṭabʻah 1.
=260  \\$6880-04$a[Iran] :$bA. al-Marūjī al-Qazwīnī,$c1362 [1983]
=300  \\$a198 p. ;$c24 cm.
=504  \\$aIncludes bibliographical references.
=650  \0$aIslamic law$xInterpretation and construction.$0http://id.loc.gov/authorities/subjects/sh85068455
=700  1\$6880-05$aṬabāṭabāʻī al-Qummī, Taqī.
=880  1\$6100-01/r$aمروجي القزويني، علي.
=880  12$6245-02/r$aالدرر واللأالي في فروع الالم الاجمالي :$bتقرير ابحاث سماحة سيدنا الاستاذ آية الله العظمى الحاج السيد تقي الطباطبائي القمي /$cعلي المروجي القزويني.
=880  \\$6250-03/r$aالطبعة 1.
=880  \\$6260-04/r$a[ايران] :$bا. المروجي القزويني،$c1362 [1983]
=880  1\$6700-05/r$aطباطباعي القمي، تقي.
=998  \\$a02/27/92$s9118$nNjP$wNJPG88B22601$d05/02/88$cJEB$bJEB$i920227$lNJPG
=911  \\$a19921028
=912  \\$a19920227000000.0
=994  \\$aC0$bPUL
=999  \\$a441585
=852  80$0480838$brcppa$t1$hKBL$i.M379 1983$xtr fr arab
=959  \\$a2000-06-13 00:00:00 -0400

