=LDR  02155cam a2200457 a 4500
=001  441593
=003  NjP
=005  20171013100156.0
=008  880502s1984\\\\ir\\\\\\\b\\\\000\0\ara\d
=024  7\$aprinceton_aco003443$2local
=035  \\$a(OCoLC)ocn175973392
=040  \\$aNjP$cPUL$dPUL
=035  \\$a(OCoLC)175973392
=035  \\$a(CStRLIN)NJPG88-B22609
=035  \\$9ACB7208TS
=035  \\$a(NjP)441593
=043  \\$af------$aa------
=079  \\$aocm25296612
=049  \\$aPULL
=100  1\$6880-01$aShaykh al-Sharīʻah al-Aṣfahānī,$d1850-1920 or 21.$0http://id.loc.gov/authorities/names/nr89017818
=245  10$6880-02$aIbānat al-mukhtār fī irth al-zawjah /$cli-shaykh al-fuqahāʼ Shaykh al-Sharīʻah al-Iṣfahānī. wa-Talīhi rasāʼil thalāth ; [taḥqīq Muḥammad al-Fāḍil al-Qāʼīnī].
=260  \\$6880-03$aQum :$bDār al-Qurʼān al-karīm,$c1405 [1984 or 1985]
=300  \\$a4, 204 p. ;$c24 cm.
=500  \\$aTitle from cover: Ṣiyānat al-ibānah.
=504  \\$aIncludes bibliographical references.
=650  \0$aWidow's allowance$xIslamic countries.
=650  \0$aInheritance and succession (Islamic law)$0http://id.loc.gov/authorities/subjects/sh85066384
=700  1\$6880-04$aQāʼīnī al-Najafī, Muḥammad Fāḍil.
=740  0\$6880-05$aṢiyānat al-ibānah.
=880  1\$6100-01/r$aشيخ الشريعة الاصفهاني،$d1850-1920 or 21.
=880  10$6245-02/r$aابانة المختار في ارث الزوجة /$cلشيخ الفقهاء شيخ الشريعة الاصفهاني. وتليه رسائل ثلاث ؛ [تحقيق محمد الفاضل القائيني].
=880  \\$6260-03/r$aقم :$bدار القرآن الكريم،$c1405 [1984 or 1985]
=880  1\$6700-04/r$aقائيني النجفي، محمد فاضل.
=880  0\$6740-05/r$aصيانة الابانة.
=998  \\$a02/04/92$s9118$nNjP$wNJPG88B22609$d05/02/88$cJEB$bJEB$i920204$lNJPG
=911  \\$a19921028
=912  \\$a19920204000000.0
=994  \\$aC0$bPUL
=999  \\$a441593
=852  80$0480846$brcppa$t1$hKBL$i.S5295$xtr fr arab
=959  \\$a2000-06-13 00:00:00 -0400

