=LDR  01822cam a2200397 a 4500
=001  441674
=003  NjP
=005  20190705140654.0
=008  880502s1983\\\\ir\\\\\\\b\\\\000\0\ara\d
=024  7\$aprinceton_aco003650$2local
=040  \\$aNjP$cPUL$dPUL
=035  \\$a(CStRLIN)NJPG88-B22684
=035  \\$9ACB7289TS
=035  \\$a(NjP)441674
=049  \\$aPULL
=035  \\$a(OCoLC)ocn122882003
=100  1\$6880-01$aAbū Zahrah, Muḥammad.
=245  13$6880-02$aal-Mīrāth ʻinda al-Jaʻfarīyah :$bmaʻa tarjamat al-Sayyid al-Imām Abū ʻAbd Allāh Jaʻfar al-Ṣādiq.
=260  \\$6880-03$a[Tehran] :$bMunaẓẓamat al-Iʻlām al-Iʻlāmī, Qism al-ʻAlāqāt al-Dawlīyah,$c1404 [1983 or 1984]
=300  \\$a159 p.$c24 cm.
=500  \\$aIncludes bibliographical references.
=650  \0$aInheritance and succession (Islamic law)$0http://id.loc.gov/authorities/subjects/sh85066384
=650  \0$aShiites.$0http://id.loc.gov/authorities/subjects/sh85121432
=700  0\$6880-04$aJaʻfar al-Ṣādiq,$d702?-765 or 766.$0http://id.loc.gov/authorities/names/n84033098
=880  1\$6100-01/r$aابو زهرة، محمد.
=880  12$6245-02/r$aالميراث عند الجعفرية :$bمع ترجمة السيد الامام ابو عبد الله جعفر الصادق.
=880  \\$6260-03/r$a[طهران] :$bمنظمة الاعلام الاعلامي، قسم العلاقات الدولية،$c1404 [1983 or 1984]
=880  0\$6700-04/r$aجعفر الصادق،$d702?-765 or 766.
=998  \\$a06/01/88$s9114$nNjP$wNJPG88B22684$d05/02/88$cDGH$bDGH$i880601$lNJPG
=911  \\$a19921028
=912  \\$a19900828000000.0
=994  \\$aC0$bPUL
=999  \\$a441674
=979  \\$a(OCoLC)ocn175973995
=852  80$0480933$brcppa$t1$hKBL$i.A389$xtr fr arab
=959  \\$a2000-06-13 00:00:00 -0400

