=LDR  02004cam a2200445 a 4500
=001  442162
=003  NjP
=005  20171013100231.0
=008  880504s1982\\\\ir\\\\\\\b\\\\000\0\ara\d
=024  7\$aprinceton_aco003498$2local
=035  \\$a(OCoLC)ocn175977662
=040  \\$aNjP$cPUL$dPUL
=035  \\$a(OCoLC)175977662
=035  \\$a(CStRLIN)NJPG88-B23140
=035  \\$9ACB7780TS
=035  \\$a(NjP)442162
=043  \\$aa-su---
=079  \\$aocm26003723
=049  \\$aPULL
=100  1\$6880-01$aMaghnīyah, Muḥammad Jawād,$d1904-1979.$0http://id.loc.gov/authorities/names/n84038555
=240  10$aFiqh ʻalá al-madhāhib al-khamsah.$kSelections
=245  13$6880-02$aal-Ḥajj ʻalá mukhtalif al-madhāhib.
=250  \\$6880-03$aal-Ṭabʻah 1.
=260  \\$6880-04$a[Tehran] :$bMunaẓẓamat al-Iʻlām al-Islāmī, Qism al-ʻAlāqāt al-Duwalīyah,$c1403 [1982 or 1983]
=300  \\$a104 p. ;$c22 cm.
=500  \\$a"Muntakhab munaqqaḥ min Kitāb al-fiqh ʻalá al-madhāhib al-khamsah lil-marḥūm al-ʻallāmah al-Shaykh Muḥammad Jawād Maghnīyah"--T.p. verso.
=504  \\$aIncludes bibliographical references (p. 6).
=650  \0$aMuslim pilgrims and pilgrimages$zSaudi Arabia$zMecca.$0http://id.loc.gov/authorities/subjects/sh85089072
=650  \0$aIslamic law$xInterpretation and construction.$0http://id.loc.gov/authorities/subjects/sh85068455
=880  1\$6100-01/r$aمغنية، محمد جواد،$d1904-1979.
=880  12$6245-02/r$aالحج على مختلف المذاهب.
=880  \\$6250-03/r$aالطبعة 1.
=880  \\$6260-04/r$a[طهران] :$bمنظمة الاعلام الاسلامي، قسم العلاقات الدولية،$c1403 [1982 or 1983]
=998  \\$a05/26/92$s9118$nNjP$wNJPG88B23140$d05/04/88$cJEB$bJEB$i920526$lNJPG
=911  \\$a19921028
=912  \\$a19920526000000.0
=994  \\$aC0$bPUL
=999  \\$a442162
=852  80$0481438$brcppa$t1$hKBL$i.M334 1982$xtr fr arab
=959  \\$a2000-06-13 00:00:00 -0400

