=LDR  01336cam a2200349 a 4500
=001  442167
=003  NjP
=005  20190705140655.0
=008  880504s1983\\\\ir\\\\\\\\\\\\000\0\ara\d
=024  7\$aprinceton_aco003993$2local
=035  \\$a(CStRLIN)NJPG88-B23145
=035  \\$9ACB7785TS
=035  \\$a(NjP)442167
=040  \\$aNjP$cPUL$dPUL
=049  \\$aPULL
=035  \\$a(OCoLC)ocm25688384
=100  1\$aMuṭahharī, Murtaz̤á.
=245  13$6880-01$aal-Jihād wa-ḥālatuhu al-mashrūʻah fī al-Qurʼān /$cal-Muṭahharī.
=260  \\$6880-02$a[Tehran] :$bMunaẓẓamat al-Iʻlām al-Islāmī, Qism al-ʻAlāqāt al-Dawlīyah,$c1404 [1983 or 1984]
=300  \\$a47 p. ;$c22 cm.
=650  \0$6880-03$aJihād.
=880  12$6245-01/r$aالجهاد وحالته المشروعة في القرآن /$cالمطهري.
=880  \\$6260-02/r$a[طهران] :$bمنظمة الاعلام الاسلامي، قسم العلاقات الدولية،$c1404 [1983 or 1984]
=880  \0$6650-03/r$aجهاد.
=998  \\$a04/10/92$s9118$nNjP$wNJPG88B23145$d05/04/88$cJEB$bJEB$i920410$lNJPG
=911  \\$a19921028
=912  \\$a19920410000000.0
=994  \\$aC0$bPUL
=999  \\$a442167
=979  \\$a(OCoLC)ocn175977688
=852  00$0481443$brcppa$t1$hBP182$i.M873 1983$xtr fr nec
=959  \\$a2000-06-13 00:00:00 -0400

