=LDR  01748cam a2200433 a 4500
=001  442413
=003  NjP
=005  20190705140655.0
=008  880505s1986\\\\ir\\\\\\\b\\\\000\0\ara\d
=024  7\$aprinceton_aco003645$2local
=035  \\$a( CStRLIN)NJPG88*B23368
=035  \\$a( NjP)442413
=040  \\$aNjP$cPUL$dPUL
=035  \\$a(CStRLIN)NJPG88-B23368
=035  \\$9ACB8031TS
=035  \\$a(NjP)442413
=049  \\$aPULL
=035  \\$a(OCoLC)ocm25653527
=100  1\$6880-01$aSubḥānī, Jaʻfar.
=245  13$6880-02$aal-Badāʼ fī ḍawʼ al-Kitāb wa-al-sunnah /$ctaʼlīf Jaʻfar al-Subḥānī.
=250  \\$6880-03$aal-Ṭabʻah 1.
=260  \\$6880-04$aṬihrān :$bMuʻāwanīyat al-ʻAlāqāt al-Duwalīyah fī Munaẓẓamat al-Iʻlām al-Islāmī,$c1986.
=300  \\$a76 p. ;$c22 cm.
=504  \\$aIncludes bibliographical references.
=650  \0$aShiites.$0http://id.loc.gov/authorities/subjects/sh85121432
=650  \0$aShiʻah$xControversial literature.
=650  \0$aIslamic law.$0http://id.loc.gov/authorities/subjects/sh85068454
=880  1\$6100-01/r$aسبحاني، جعفر.
=880  12$6245-02/r$aالبداء في ضوء الكتاب والسنة /$cتأليف جعفر السبحاني.
=880  \\$6250-03/r$aالطبعة 1.
=880  \\$6260-04/r$aطهران :$bمعاونية العلاقات الدولية في منظمة الاعلام الاسلامي،$c1986.
=998  \\$a03/31/92$s9118$nNjP$wNJPG88B23368$d05/05/88$cJAB$bJAB$i920331$lNJPG
=911  \\$a19921028
=912  \\$a19971117034717.0
=994  \\$aC0$bPUL
=999  \\$a442413
=979  \\$a(OCoLC)ocn175979543
=852  00$0481698$brcppa$t1$hBP195.S5$iS83$xtr fr arab
=959  \\$a2000-06-13 00:00:00 -0400

