=LDR  01731cam a2200409 a 4500
=001  443032
=003  NjP
=005  20171013100319.0
=008  880509s1970\\\\ir\\\\\\\b\\\\000\0\ara\d
=024  7\$aprinceton_aco003517$2local
=035  \\$a(OCoLC)ocn175984162
=035  \\$a(OCoLC)25767437
=040  \\$aNjP$cPUL$dPUL
=035  \\$a(OCoLC)175984162
=035  \\$a(CStRLIN)NJPG88-B23936
=035  \\$9ACB8652TS
=035  \\$a(NjP)443032
=079  \\$aocm25767437
=049  \\$aPULL
=100  1\$6880-01$aMuqarram, ʻAbd al-Razzāq.
=245  10$6880-02$aMaqtal al-Ḥusayn, ʻalayhi al-salām /$cʻAbd al-Razzāq al-Mūsawī al-Muqarram ; qaddama la-hu Muḥammad Ḥusayn al-Muqarram.
=260  \\$6880-03$aṬihrān, Īrān :$bQism al-Dirāsāt al-Islāmīyah,$c[1970?]
=300  \\$a407 p. ;$c25 cm.
=504  \\$aIncludes bibliographical references.
=600  00$6880-04$aḤusayn ibn ʻAlī,$d-680$0http://id.loc.gov/authorities/names/n79142777
=650  \0$aShiites$xHistory.$0http://id.loc.gov/authorities/subjects/sh2010112938
=880  1\$6100-01/r$aمقرم، عبد الرزاق.
=880  10$6245-02/r$aمقتل الحسين، عليه السلام /$cعبد الرزاق الموسوي المقرم ؛ قدم له محمد حسين المقرم.
=880  \\$6260-03/r$aطهران، ايران :$bقسم الدراسات الاسلامية،$c[1970؟]
=880  00$6600-04/r$aحسين بن علي،$dd. 680.
=998  \\$a04/12/93$s9118$nNjP$wNJPG88B23936$d05/09/88$cJEB$bMWC$i930412$lNJPG
=911  \\$a19930422
=912  \\$a19930412000000.0
=994  \\$aC0$bPUL
=999  \\$a443032
=852  00$0482345$brcppa$t1$hBP193.13$i.M862 1970$xtr fr arab
=959  \\$a2000-06-13 00:00:00 -0400

