=LDR  01927cam a2200445 a 4500
=001  446514
=003  NjP
=005  20170905102756.0
=008  880525s1937\\\\le\a\\\\\b\\\\000\0bara\d
=024  7\$aprinceton_aco002198$2local
=020  \\$z8600037181
=035  \\$a(OCoLC)25521344
=035  \\$a(OCoLC)ocn176009196
=035  \\$a(OCoLC)176009196
=035  \\$a(CStRLIN)NJPG88-B27174
=035  \\$9ACC2138TS
=035  \\$a(NjP)446514
=035  \\$a446514
=040  \\$aNjP$cPUL$dPUL
=049  \\$aPULL
=079  \\$aocm25521344
=245  00$6880-01$aIstishhād Ibrāhīm Amārah fī Dimashq sanat 1840 :$bnaqlan ʻan maḥḍar al-qaḍīyah al-aṣlī /$cnasharahu li-awwal marrah wa-ʻallaqa ʻalayhi Būlus Qarʼalī.
=260  \\$6880-02$aḤarīṣā :$bMaṭbaʻat al-Qiddīs Būlus,$c1937.
=300  \\$a89 p. :$bill. ;$c25 cm.
=500  \\$aTitle on p. [4] of cover: Le martyre d'Ibrahim Amârah a Damas en 1840.
=504  \\$aIncludes bibliographical references.
=600  10$6880-03$aAmārah, Ibrāhīm,$d-1840$xAssassination.
=700  1\$6880-04$aQarʼalī, Būlus,$dd. 1952.$0http://id.loc.gov/authorities/names/n85026550
=740  0\$aMartyre d'Ibrahim Amârah a Damas en 1840.
=880  00$6245-01/r$aاستشهاد ابراهيم امارة في دمشق سنة 1840 :$bنقلن عن محضر القضية الاصلي /$cنشره لاول مرة وعلق عليه بولس قرألي.
=880  \\$6260-02/r$aحريصا :$bمطبعة القديس بولس،$c1937.
=880  14$6600-03/r$aامارة، ابراهيم،$d-1840$xAssassination.
=880  1\$6700-04/r$aقرألي، بولس،$dd. 1952.
=998  \\$a03/03/92$s9118$nNjP$wNJPG88B27174$d05/25/88$cJEB$bJEB$i920303$lNJPG
=911  \\$a19921028
=912  \\$a19920303000000.0
=994  \\$aC0$bPUL
=999  \\$a446514
=852  00$0486011$bnec$t1$hDS97.6.A62$iI872 1937
=959  \\$a2000-06-13 00:00:00 -0400

