=LDR  01919cam a2200373 a 4500
=001  449711
=003  NjP
=005  20170605130738.0
=008  880614s1909\\\\le\\\\\\\\\\\\000\0\ara\d
=024  7\$aprinceton_aco003402$2local
=035  \\$a(OCoLC)ocn176028487
=035  \\$a(OCoLC)25521407
=040  \\$aNjP$cPUL$dPUL
=020  \\$z8800005305
=035  \\$a(OCoLC)176028487
=035  \\$a(CStRLIN)NJPG88-B30182
=035  \\$9ACC5343TS
=035  \\$a(NjP)449711
=079  \\$aocm25521407
=049  \\$aPULL
=245  00$6880-01$aManāʼir al-ṭaqsīyāt :$bwa-huwa kitāb yaḥtawī ʻalá tansīq ḥarakāt khuddām al-khūrus fī al-quddāsāt al-iḥtifālīyah wa-al-ʻādiyah wa-ṣalawāt al-khūrus wa-al-jināzāt wa-al-rutab wa-al-ʻibādāt wa-al-ṭawāfāt /$cwaḍaʻahu wa-ʻallaqa ḥawāshiyahu baʻḍ ābāʼ al-risālah al-Lubnānīyah al-Mārūnīyah.
=260  \\$6880-02$a[Beirut] :$bBuṭrus Shiblī,$c1909.
=300  \\$a272 p. ;$c25 cm.
=610  20$aCatholic Church$xMaronite rite$xLiturgy.$0http://id.loc.gov/authorities/subjects/sh97002210
=650  \0$aMass.$0http://id.loc.gov/authorities/subjects/sh85081846
=880  00$6245-01/r$aمنائر الطقسيات :$bوهو كتاب يحتوي على تنسيق حركات خدام الخورس في القداسات الاحتفالية والعادية وصلوات الخورس والجنازات والرتب والعبادات والطوافات /$cوضعه وعلق حواشيه بعض آباء الرسالة اللبنانية المارونية.
=880  \\$6260-02/r$a[بيروت] :$bبطرس شبلي،$c1909.
=998  \\$a03/05/93$s9118$nNjP$wNJPG88B30182$d06/14/88$cJAB$bDRT$i930305$lNJPG
=911  \\$a19930311
=912  \\$a19930305000000.0
=994  \\$aC0$bPUL
=999  \\$a449711
=852  00$0489481$brcppa$t1$hBX186.6$i.M36$xtr fr arab
=959  \\$a2000-06-13 00:00:00 -0400

