=LDR  01549cam a2200373 a 4500
=001  450875
=003  NjP
=005  20171013101014.0
=008  880621q19701979ir\\\\\\\\\\\\000\0\ara\d
=024  7\$aprinceton_aco003525$2local
=035  \\$a(OCoLC)ocn176034060
=040  \\$aNjP$cPUL$dPUL
=035  \\$a(OCoLC)176034060
=035  \\$a(CStRLIN)NJPG88-B31298
=035  \\$9ACC6509TS
=035  \\$a(NjP)450875
=079  \\$aocm25400495
=049  \\$aPULL
=100  1\$6880-01$aKarājikī, Muḥammad ibn ʻAlī,$dd. 1057 or 8.$0http://id.loc.gov/authorities/names/nr92005758
=245  10$6880-02$aKanz al-fawāʼid /$cli-muʼallifihi Abī al-Fatḥ Muḥammad ibn ʻAlī al-Karājakī.
=260  \\$6880-03$aQum :$bMaktabat al-Muṣṭafawī,$c[197-]
=300  \\$a382 p. ;$c25 cm
=650  \0$aIslamic law$xInterpretation and construction$xEarly works to 1800.$0http://id.loc.gov/authorities/subjects/sh2008104962
=650  \0$aShiites.$0http://id.loc.gov/authorities/subjects/sh85121432
=880  1\$6100-01/r$aكراجكي، محمد بن علي،$dd. 1057 or 8.
=880  10$6245-02/r$aكنز الفوائد /$cلمؤلفه ابي الفتح محمد بن علي الكراجكي.
=880  \\$6260-03/r$aقم :$bمكتبة المصطفوي،$c[197-]
=998  \\$a02/21/92$s9114$nNjP$wNJPG88B31298$d06/21/88$cJCB$bJEB$i920221$lNJPG
=911  \\$a19921028
=912  \\$a19920221000000.0
=994  \\$aC0$bPUL
=999  \\$a450875
=852  00$0490760$brcppa$t1$hBP194$i.K373 1970z$xtr fr nec
=959  \\$a2000-06-13 00:00:00 -0400

