=LDR  00752cam a2200241 a 4500
=001  451192
=003  NjP
=005  20170619131046.0
=008  880622s1924\\\\ua\\\\\\\\\\\\00000\ara\d
=024  7\$aprinceton_aco004461$2local
=035  \\$a(OCoLC)79913174
=035  \\$a(CStRLIN)NJPG88-B31595
=035  \\$9ACC6826TS
=040  \\$aNjP$cNjP
=130  0\$aQurʼan.$0http://id.loc.gov/authorities/names/n79046204
=245  00$aQur'ān karīm [sic].
=260  \\$aMiṣr :$bAḥmad Ḥalīm,$c1343 [1924]
=300  \\$a525 p. ;$c14 cm.
=998  \\$a06/22/88$s9114$nNjP$wNJPG88B31595$d06/22/88$cSVS$bSVS$i880622$lNJPG
=911  \\$a19921028
=912  \\$a19900828000000.0
=852  80$0491095$brcppa$t1$h2273 1924s$xtr fr anxa
=959  \\$a2000-06-13 00:00:00 -0500

