=LDR  01197cam a2200325 a 4500
=001  451700
=003  NjP
=005  20171013101052.0
=008  880627s1982\\\\ir\\\\\\\d\\\\00010\arar\
=024  7\$aprinceton_aco002865$2local
=010  \\$a   84194443 /NE 
=020  \\$c1400.00IR
=035  \\$a(OCoLC)11400566
=035  \\$a(CStRLIN)NJPG88-B32056
=035  \\$9ACC7335TS
=040  \\$dCStRLIN$dNjP
=041  0\$aaraper
=050  0\$aPK6381.A7$bJ34 1982
=100  1\$aJahānbakhsh, Valī Allāh.
=245  10$aFarhang-i bayān :$blughāt-i ʻArabī - Fārsī, lughāt-i Fārsī - ʻArabī /$cValī Allāh Jahānbakhsh.
=260  \\$aTihrān :$bDunyā-yi Maṭbūʻāt va Intishārāt-i Ḥujjatī,$c1361 [1982]
=300  \\$a964 p. ;$c25 cm.
=500  \\$aArabic and Persian.
=650  \0$aPersian language$xDictionaries$xArabic.
=650  \0$aArabic language$xDictionaries$xPersian.$0http://id.loc.gov/authorities/subjects/sh2009115202
=998  \\$a06/12/90$s9110$nNjP$wNJPG88B32056$d06/27/88$cKE$bCS$i900612$lNJPG
=911  \\$a19921028
=912  \\$a19910104000000.0
=852  00$0491636$brcppa$t1$hPK6381.A7$iJ34 1982$xtr fr arab
=959  \\$a2000-06-13 00:00:00 -0500

