=LDR  01820cam a2200433 a 4500
=001  452529
=003  NjP
=005  20170518131346.0
=008  880630m19799999ir\a\\\\\\\\\\000\0\ara\d
=024  7\$aprinceton_aco002645$2local
=035  \\$a(OCoLC)ocn176041844
=035  \\$a(OCoLC)25583321
=040  \\$aNjP$cPUL$dPUL
=035  \\$a(OCoLC)176041844
=035  \\$a(CStRLIN)NJPG88-B32818
=035  \\$9ACC8167TS
=035  \\$a(NjP)452529
=041  1\$aara$hper
=079  \\$aocm25583321
=049  \\$aPULL
=100  1\$6880-01$aImāmat Kāshānī, ʻAzīz Allāh.
=240  10$6880-02$aKashkūl-i Imāmat.$lArabic
=245  10$6880-03$aMajmaʻ al-fawāʼid wa-multaqá al-shawārid :$bfī ʻulūm al-awāʼil wa-al-awākhir /$ctaʼlīf ʻAzīz Allāh al-Ḥusaynī al-Kāshānī al-shahīr bi-Imāmat.
=260  \\$6880-04$aQum :$bChāpkhānah-i ʻIlmīyah,$c1399- [1979- ]
=300  \\$av. :$bill. ;$c25 cm.
=500  \\$6880-05$aTranslation of: Kashkūl-i Imāmat.
=880  1\$6100-01/r$aامامة كاشاني، عزيز الله.
=880  10$6240-02/r$aكشكولا امامة.$lالعربية
=880  10$6245-03/r$aمجمع الفوائد وملتقى الشوارد :$bفي علوم الاوائل والاواخر /$cتأليف عزيز الله الحسيني الكاشاني الشهير بامامة.
=880  \\$6260-04/r$aقم :$bچاپخانها علمية،$c1399- [1979- ]
=880  \\$6500-05/r$aترجمة: كشكولا امامة.
=998  \\$a03/18/92$s9118$nNjP$wNJPG88B32818$d06/30/88$cJEB$bJEB$i920318$lNJPG
=911  \\$a19921028
=912  \\$a19980428040502.0
=994  \\$aC0$bPUL
=999  \\$a452529
=852  01$0492509$brcppa$t1$hAC127$i.I51125 1979$xtr fr arab
=866  \0$0492509$80$amujallad 1
=959  \\$a2000-06-13 00:00:00 -0500

