=LDR  02054cam a2200445 a 4500
=001  456144
=003  NjP
=005  20171013101415.0
=008  880720s1973\\\\ir\\\\\\\b\\\\000\0\ara\d
=024  7\$aprinceton_aco003435$2local
=035  \\$a(OCoLC)ocn175385351
=040  \\$aNjP$cPUL$dPUL
=035  \\$a(OCoLC)175385351
=035  \\$a(CStRLIN)NJPG88-B36150
=035  \\$9ACD1789TS
=035  \\$a(NjP)456144
=079  \\$aocm25829455
=049  \\$aPULL
=100  1\$6880-01$aKarakī, Ḥasan ibn ʻAlī,$dactive 16th century.$0http://id.loc.gov/authorities/names/nr92018855
=245  10$6880-02$aAṭāʼib al-kalim fī bayān ṣilat al-raḥim /$cḤasan ibn ʻAlī ibn ʻAbd al-ʻAlī al-Karakī al-ʻĀmilī ; iʻdād Aḥmad al-Ḥusaynī.
=250  \\$6880-03$aal-Ṭabʻah 1.
=260  \\$6880-04$a[Qum] :$bMaktabat Āyat Allāh al-Marʻashī al-ʻĀmmah,$c1394 [1973 or 1974]
=300  \\$a47 p. ;$c24 cm.
=440  \0$6880-05$aMin makhṭūṭāt Maktabat Āyat Allāh al-Marʻashī al-ʻĀmmah ;$v1
=504  \\$aIncludes bibliographical references.
=650  \0$aKinship (Islamic law)$xEarly works to 1800.
=700  1\$6880-06$aḤusaynī, Aḥmad.
=880  1\$6100-01/r$aكركي، حسن بن علي،$dactive 16th century.
=880  10$6245-02/r$aاطائب الكلم في بيان صلة الرحم /$cحسن بن علي بن عبد العلي الكركي العاملي ؛ اعداد احمد الحسيني.
=880  \\$6250-03/r$aالطبعة 1.
=880  \\$6260-04/r$a[قم] :$bمكتبة آية الله المرعشي العامة،$c1394 [1973 or 1974]
=880  \0$6440-05/r$aمن مخطوطات مكتبة آية الله المرعشي العامة ؛$v1
=880  1\$6700-06/r$aحسيني، احمد.
=998  \\$a05/06/92$s9118$nNjP$wNJPG88B36150$d07/20/88$cJEB$bJEB$i920506$lNJPG
=911  \\$a19921028
=912  \\$a19970328044018.0
=994  \\$aC0$bPUL
=999  \\$a456144
=852  80$0496338$brcppa$t1$hKBL$i.K3725 1973$xtr fr arab
=959  \\$a2000-06-13 00:00:00 -0400

