=LDR  01620cam a2200397 a 4500
=001  457755
=003  NjP
=005  20170605125811.0
=008  880727m19629999ir\\\\\\\\\\\\000\0\ara\d
=024  7\$aprinceton_aco002951$2local
=035  \\$a(OCoLC)ocn175396768
=040  \\$aNjP$cPUL$dPUL
=035  \\$a(OCoLC)175396768
=035  \\$a(CStRLIN)NJPG88-B37620
=035  \\$9ACD3405TS
=035  \\$a(NjP)457755
=079  \\$aocm78357367
=049  \\$aPULL
=100  1\$6880-01$aMahdī, Muḥammad.
=245  10$6880-02$aBayān al-aʼimmah lil-waqāyiʻ al-gharībah wa-al-asrār al-ʻajībah :$bwa-huwa kitāb ʻilmī tārīkhī ... /$ctaʼlīf wa-taḥqīq Muḥammad Mahdī.
=260  \\$a[Iran :$bs.n.,$c1383- [1962]- ]
=300  \\$av. ;$c25 cm.
=500  \\$aTitle page partially vocalized.
=650  \0$aEnd of the world (Islam)$0http://id.loc.gov/authorities/subjects/sh85043040
=650  \0$aMahdism.$0http://id.loc.gov/authorities/subjects/sh85079850
=650  \0$aShīʻah$xDoctrines.$0http://id.loc.gov/authorities/subjects/sh85121391
=880  1\$6100-01/r$aمهدي، محمد.
=880  10$6245-02/r$aبيان الائمة للوقايع الغريبة والاسرار العجيبة :$bوهو كتاب علمي تاريخي ... /$cتأليف وتحقيق محمد مهدي.
=998  \\$a02/20/90$s9118$nNjP$wNJPG88B37620$d07/27/88$cJEB$bJEB$i900220$lNJPG
=911  \\$a19921028
=912  \\$a19910104000000.0
=994  \\$aC0$bPUL
=999  \\$a457755
=852  01$0498041$brcppa$t1$hBP193$i.M33$xtr fr arab
=866  \0$0498041$80$ajuzʾ 1
=959  \\$a2000-06-13 00:00:00 -0500

