=LDR  01564cam a2200409   4500
=001  459528
=003  NjP
=005  20190705140743.0
=008  880804m19529999ua\\\\\\\b\\\\000\0\arard
=024  7\$aprinceton_aco004055$2local
=010  \\$a   58047910 
=040  \\$aPUL$cPUL$dPUL
=035  \\$a(CStRLIN)NJPG88-B39236
=035  \\$9ACD5178TS
=035  \\$a(NjP)459528
=050  00$aPJ7577$b.N3
=049  \\$aPULL
=035  \\$a(OCoLC)ocm42043321
=100  1\$6880-01$aNajm, Muḥammad Yūsuf.
=245  13$6880-02$aal-Qiṣṣah fī al-adab al-ʻArabī al-ḥadīth,$ctaʼlīf Muḥammad Yūsuf Najm.
=260  \\$6880-03$aal-Qāhirah,$bDār Miṣr lil-Ṭibāʻah,$c1952-
=300  \\$av.$c24 cm.
=490  0\$aHis Dirāsāt fī al-adab al-ʻArabī al-ḥadīth,$v1
=504  \\$aIncludes bibliographies.
=505  0\$a[1] Fī Lubnān ḥattá al-ḥarb al-ʻuẓmá
=650  \0$aArabic fiction$xHistory and criticism.$0http://id.loc.gov/authorities/subjects/sh2009115180
=880  1\$6100-01/r$aنجم، محمد يوسف.
=880  12$6245-02/r$aالقصة في الادب العربي الحديث،$cتأليف محمد يوسف نجم.
=880  \\$6260-03/r$aالقاهرة،$bدار مصر للطباعة،$c1952-
=998  \\$a08/09/88$s9114$nNjP$wNJPG88B39236$d08/04/88$cKVV$bKVV$i880809$lNJPG
=911  \\$a19921028
=912  \\$a19970120052453.0
=994  \\$aC0$bPUL
=999  \\$a459528
=979  \\$a(OCoLC)ocn175409007
=852  00$0499884$brcppa$t1$hPJ7577$i.N3$xtr fr arab
=959  \\$a2000-06-13 00:00:00 -0400

