=LDR  01496cam a2200397   4500
=001  460216
=003  NjP
=005  20190705140745.0
=008  880808m19229999ua\c\\\\\\\\\\000\1\arard
=024  7\$aprinceton_aco004014$2local
=010  \\$a   74224202 
=040  \\$aPUL$cPUL$dPUL
=035  \\$a(CStRLIN)NJPG88-B39893
=035  \\$9ACD5867TS
=035  \\$a(NjP)460216
=050  \\$aPJ7691$b.H3
=049  \\$aPULL
=035  \\$a(OCoLC)ocm79292150
=100  1\$6880-01$aḤajjāj, Muḥammad Kāmil.
=245  10$6880-02$aBalāghat al-Gharb,$baḥāsin al-maḥāsin wa-ghurar al-durar min qariḍ al-Gharb wa-natharih.$cʻArrabahu Muḥammad Kāmil Ḥajjāj.
=260  \\$6880-03$aMiṣr,$bMaṭbaʻat al-Shams$c1922-
=300  \\$av.$bports.$c24 cm.
=650  \0$aLiterature, Modern$xTranslations into Arabic.
=880  1\$6100-01/r$aحجاج، محمد كامل.
=880  10$6245-02/r$aبلاغة الغرب،$bاحاسن المحاسن وغرر الدرر من قرض الغرب ونثره.$cعربه محمد كامل حجاج.
=880  \\$6260-03/r$aمصر،$bمطبعة الشمس$c1922-
=998  \\$a09/02/88$s9114$nNjP$wNJPG88B39893$d08/08/88$cKVV$bKVV$i880902$lNJPG
=911  \\$a19921028
=912  \\$a19970814055609.0
=994  \\$aC0$bPUL
=999  \\$a460216
=979  \\$a(OCoLC)ocn175413869
=852  01$0500595$brcppa$t1$hPJ7691$i.H3$xtr fr arab
=866  \0$0500595$80$ajuzʾ 2
=866  \0$0500595$80$xADD AS: juzʾ
=959  \\$a2000-06-13 00:00:00 -0400

