=LDR  01275cam a2200289 a 4500
=001  461100
=003  NjP
=005  20171013101744.0
=008  880812q19801988ir\\\\\\\\\\\\00010\ara\d
=024  7\$aprinceton_aco003761$2local
=035  \\$a(OCoLC)25344942
=035  \\$a(CStRLIN)NJPG88-B40709
=035  \\$9ACD6751TS
=040  \\$aNjP$cNjP
=100  1\$aIbn Maʻṣūm, ʻAlī ibn Aḥmad,$d1642-approximately 1707.$0http://id.loc.gov/authorities/names/nr90001076
=245  10$aRiyāḍ al-sālikīn :$bsharḥ al-Saḥifah al-sajjādīyah /$clil-ʻālim ʻAlī Khān ibn al-Sayyid Aḥmad al-Ḥusaynī al-maʻrūf bi-ibn Maʻṣūm al-Madanī.
=260  \\$a[Iran] :$bMuʼassasat Āl al-Bayt ;$aMashhad, Īrān :$bYuṭlabu min Muʼassasat Ṭūs,$c1980.
=300  \\$a587, 9 p. ;$c35 cm.
=500  \\$aTitle page partially vocalized.
=534  \\$pReprint. Originally published :$c1334 [1915 or 1916]
=630  00$aSaḥīfah al-kāmilah.
=650  \0$aShīʻah$xCustoms and practices$xEarly works to 1800.
=998  \\$a06/21/91$s9118$nNjP$wNJPG88B40709$d08/12/88$cJAB$bHW$i910621$lNJPG
=911  \\$a19921028
=912  \\$a19980123050254.0
=852  00$0501520$brcppa$t1$cOversize$hBP194.3$i.I2665 1980q$xtr fr nec
=959  \\$a2000-06-13 00:00:00 -0400

