=LDR  01507cam a2200397 a 4500
=001  461112
=003  NjP
=005  20171013101744.0
=008  880812q19801988ir\\\\\\\\\\\\000\0\ara\d
=024  7\$aprinceton_aco002856$2local
=035  \\$a(OCoLC)29058038
=035  \\$a(OCoLC)ocn175420290
=035  \\$a(OCoLC)175420290
=035  \\$a(CStRLIN)NJPG88-B40720
=035  \\$9ACD6763TS
=035  \\$a(NjP)461112
=040  \\$aNjP$cPUL$dPUL
=049  \\$aPULL
=079  \\$aocm29058038
=100  1\$6880-01$aSharīf, Muḥammad Bāqir.
=245  13$6880-02$aal-Jāmiʻ al-shawāhid /$cli-muʼallifihi Muḥammad Bāqir al-Sharīf.
=260  \\$6880-03$aIṣfahān :$bMaṭbaʻat al-Muḥammadīyah,$c[198-?]
=300  \\$a2 v. ;$c25 cm.
=650  \0$aArabic poetry$xHistory and criticism.$0http://id.loc.gov/authorities/subjects/sh2007101226
=650  \0$aArabic language$xVersification.$0http://id.loc.gov/authorities/subjects/sh90003367
=880  1\$6100-01/r$aشريف، محمد باقر.
=880  12$6245-02/r$aالجامع الشواهد /$cلمؤلفه محمد باقر الشريف.
=880  \\$6260-03/r$aاصفهان :$bمطبعة المحمدية،$c[198-؟]
=998  \\$a07/19/90$s9118$nNjP$wNJPG88B40720$d08/12/88$cJEB$bJEB$i900719$lNJPG
=911  \\$a19921028
=912  \\$a19910104000000.0
=994  \\$aC0$bPUL
=999  \\$a461112
=852  00$0501533$brcppa$t1$hPJ7541.S53$iJ53 1980z$xtr fr arab
=866  \0$0501533$aJuz 1-juz 2
=959  \\$a2000-06-13 00:00:00 -0500

