=LDR  01146cam a2200301 a 4500
=001  461694
=003  NjP
=005  20171013101808.0
=008  880126q19801989ir\\\\\\\b\\\\00010\ara\d
=024  7\$aprinceton_aco004442$2local
=035  \\$a(OCoLC)16624997
=035  \\$a(CStRLIN)NJPG88-B4126
=035  \\$9ACD7346TS
=040  \\$aNjP$cNjP
=100  1\$aMaghnīyah, Muḥammad Jawād;$d1904-1979.
=245  10$aFiqh al-Imām Jaʻfar al-Ṣādiq :$bʻarḍ wa-istidlāl /$cMuḥammad Jawād Maghnīyah.
=250  \\$aal-Ṭabʻah 1.
=260  \\$aQum :$bQuds Muḥammadī,$c[198-?]
=300  \\$a6 v. in 3. ;$c25 cm.
=504  \\$aIncludes bibliographical references.
=600  00$aJaʻfar al-Ṣādiq,$d702?-765 or 766.$0http://id.loc.gov/authorities/names/n84033098
=650  \0$aIslamic law$xInterpretation and construction.$0http://id.loc.gov/authorities/subjects/sh85068455
=998  \\$a04/13/93$s9118$nNjP$wNJPG88B4126$d01/26/88$cJAB$bMWC$i930413$lNJPG
=911  \\$a19930422
=912  \\$a19961203055933.0
=852  81$0502154$brcppa$t1$h2271.505175.8015$xtr fr f
=866  \0$0502154$aJuz' 1-6
=959  \\$a2000-06-13 00:00:00 -0500

