=LDR  01039cam a2200301 a 4500
=001  462339
=003  NjP
=005  20170605130332.0
=008  880819s1952\\\\ua\\\\\\\\\\\\000|0\ara\d
=024  7\$aprinceton_aco004235$2local
=035  \\$a(OCoLC)26034120
=035  \\$a(CStRLIN)NJPG88-B41855
=035  \\$9ACD7993TS
=040  \\$aNjP$cNjP
=043  \\$af-ua---
=100  1\$aMandūr, Muḥammad,$d1907-1965.$0http://id.loc.gov/authorities/names/n85051608
=240  10$aMawāṭin
=245  10$aKitāb al-mawāṭin /$c[Muḥammad Mandūr].
=260  \\$a[Cairo :$bs.n.,$c1952]
=300  \\$a72 p. ;$c17 cm.
=500  \\$aStatement of responsibility from p. 72.
=651  \0$aEgypt$xPolitics and government$y1919-1952.$0http://id.loc.gov/authorities/subjects/sh85041323
=740  0\$aMawāṭin.
=998  \\$a06/01/92$s9118$nNjP$wNJPG88B41855$d08/19/88$cJEB$bJEB$i920601$lNJPG
=911  \\$a19921028
=912  \\$a19920601000000.0
=852  00$0502828$brcppa$t1$hDT107$i.M362 1952$xtr fr anxafst
=959  \\$a2000-06-13 00:00:00 -0500

