=LDR  01001cam a2200277 a 4500
=001  463037
=003  NjP
=005  20170619131046.0
=008  880824s1949\\\\ua\\\\\\rb\\\\000|0\ara\d
=024  7\$aprinceton_aco002687$2local
=035  \\$a(OCoLC)175307349
=035  \\$a(CStRLIN)NJPG88-B42499
=035  \\$9ACD8693TS
=040  \\$aNjP$cNjP
=100  1\$aKaram, Yusuf,$d1886-1959.
=245  10$aTārīkh al-falsafah al-ḥadīthah /$cYūsuf Karam.
=260  \\$aMiṣr :$bDār al-Maʻārif,$c[1949]
=300  \\$a454 p. ;$c25 cm.
=504  \\$aIncludes bibliographical references (p. [441]-442).
=533  \\$aPhotocopy.$b[Austin, TX] :$cBookLab, Inc.,$d1993$7s1993    txun r
=650  \0$aPhilosophy, Modern$xHistory.$0http://id.loc.gov/authorities/subjects/sh2008109247
=998  \\$a04/22/93$s9118$nNjP$wNJPG88B42499$d08/24/88$cJAB$bSLT$i930422$lNJPG
=911  \\$a19930429
=912  \\$a19930422000000.0
=852  00$0503554$brcppa$t1$hB791$i.K37$xtr fr arab
=959  \\$a2000-06-13 00:00:00 -0500

