=LDR  02164cam a2200481 a 4500
=001  463444
=003  NjP
=005  20190705140758.0
=008  880825m19079999le\\\\\\r\\\\\000\0\ara\d
=024  7\$aprinceton_aco003782$2local
=040  \\$aNjP$cPUL$dPUL
=035  \\$a(CStRLIN)NJPG88-B42888
=035  \\$9ACD9100TS
=035  \\$a(NjP)463444
=043  \\$aa-sy---
=049  \\$aPULL
=035  \\$a(OCoLC)ocm78026963
=100  1\$6880-01$aDibs, Yūsuf,$d1911-$0http://id.loc.gov/authorities/names/nr90002591
=240  10$6880-02$aTārīkh Sūrīyah.$kSelections
=245  10$6880-03$aMukhtaṣar Tārīkh Sūrīyah /$clil-muftaqir ilá ʻafw rabbihi Yūsuf al-Dibs.
=260  \\$6880-04$aBayrūt :$bal-Maṭbaʻah al-ʻUmūmīyah al-Mārūnīyah,$c1907-
=300  \\$av. ;$c17 cm.
=500  \\$6880-05$aTitle on cover: al-Juzʼ al-thānī min al-Mūjaz fī tārīkh Sūrīyah.
=533  \\$aPhotocopy.$b[Austin, TX] :$cBookLab, Inc.,$d1993$7s1993    txun r
=651  \0$aSyria$xHistory.$0http://id.loc.gov/authorities/subjects/sh85131697
=740  0\$6880-06$aMūjaz fī tārīkh Sūrīyah.
=740  0\$6880-07$aJuzʼ al-thānī min al-Mūjaz fī tārīkh Sūrīyah.
=880  1\$6100-01/r$aدبس، يوسف،$d1911-
=880  10$6240-02/r$aتاريخ سورية.$kSelections
=880  10$6245-03/r$aمختصر تاريخ سورية /$cللمفتقر الى عفو ربه يوسف الدبس.
=880  \\$6260-04/r$aبيروت :$bالمطبعة العمومية المارونية،$c1907-
=880  \\$6500-05/r$aTitle on cover: الجزء الثاني من الموجز في تاريخ سورية.
=880  0\$6740-06/r$aموجز في تاريخ سورية.
=880  0\$6740-07/r$aجزء الثاني من الموجز في تاريخ سورية.
=998  \\$a05/03/93$s9118$nNjP$wNJPG88B42888$d08/25/88$cJEB$bSLT$i930503$lNJPG
=911  \\$a19930513
=912  \\$a19930503000000.0
=994  \\$aC0$bPUL
=999  \\$a463444
=979  \\$a(OCoLC)ocn175437208
=852  01$0503973$brcppa$t1$hDS95$i.D527 1907$xtr fr arab
=866  \0$0503973$80$ajuzʾ 2
=959  \\$a2000-06-13 00:00:00 -0400

