=LDR  00881cam a2200253 a 4500
=001  464569
=003  NjP
=005  20171013102001.0
=008  880901s1987\\\\ir\a\\\\\\\\\f000|0\ara\d
=024  7\$aprinceton_aco004217$2local
=035  \\$a(OCoLC)26126473
=035  \\$a(CStRLIN)NJPG88-B43911
=035  \\$9ACE0226TS
=040  \\$aNjP$cNjP
=043  \\$aa-ir---
=245  00$aNaẓrah ʻalá al-Jumhūrīyah al-Islāmīyah al-Īrānīyah.
=260  \\$aṬihrān, Īrān :$bWizārat al-Khārijīyah,$c[1987?]
=300  \\$a100 p. :$bill. ;$c23 cm.
=651  \0$aIran$xHistory$y1979-1997.$0http://id.loc.gov/authorities/subjects/sh85067907
=998  \\$a06/24/92$s9118$nNjP$wNJPG88B43911$d09/01/88$cJAB$bJAB$i920624$lNJPG
=911  \\$a19921028
=912  \\$a19990803054115.0
=852  00$0505166$brcppa$t1$hDS318.8$i.N297 1987$xtr fr arab
=959  \\$a2000-06-13 00:00:00 -0500

