=LDR  00873cam a2200265 a 4500
=001  467271
=003  NjP
=005  20130613141647.0
=008  880128m19789999ir\\\\\\\\\\\\00010\ara\d
=024  7\$aprinceton_aco002754$2local
=035  \\$a(OCoLC)23699703
=035  \\$a(CStRLIN)NJPG88-B4641
=035  \\$9ACE2937TS
=040  \\$aNjP$cNjP
=100  1\$aMashkīnī, ʻAlī.
=245  13$aal-Tafsīr al-mabsūṭ /$clil-faḍīl ʻAlī al-Mashkīnī al-Ardabīlī.
=260  \\$aQum :$bal-Maṭbaʻah al-ʻIlmīyah,$c1399- [1978 or 1979- ]
=300  \\$av. ;$c25 cm.
=630  00$aQurʼan$xCommentaries.
=998  \\$a02/21/91$s9118$nNjP$wNJPG88B4641$d01/28/88$cJEB$bJEB$i910221$lNJPG
=911  \\$a19921028
=912  \\$a19910221000000.0
=852  01$0508035$brcppa$t1$hBP130.4$i.M57$xtr fr arab
=866  \0$0508035$80$amujallad 4
=959  \\$a2000-06-13 00:00:00 -0500

