=LDR  01509cam a2200385 a 4500
=001  470347
=003  NjP
=005  20190705140817.0
=008  881005s1882\\\\le\\\\\\\\\\\\000\0\ara\d
=024  7\$aprinceton_aco004077$2local
=035  \\$a(CStRLIN)NJPG88-B49242
=035  \\$9ACE6016TS
=035  \\$a(NjP)470347
=040  \\$aNjP$cPUL$dPUL
=043  \\$aa-sy---
=049  \\$aPULL
=035  \\$a(OCoLC)ocm26285914
=245  03$6880-01$aal-Muḥāḍarah al-adabīyah wa-al-muḥāwarah al-Ḥalabīyah /$cjamʻ Muḥammad Nuʻmān Muqayyadʹzādah.
=260  \\$6880-02$aBayrūt :$bal-Maṭbaʻah al-Adabīyah,$c1300 [1882 or 1883]
=300  \\$a19 p. ;$c20 cm.
=650  \0$aArabic poetry$zSyria$zAleppo.
=700  1\$6880-03$aMuqayyadʹzādah, Muḥammad Nuʻmān.
=880  02$6245-01/r$aالمحاضرة الادبية والمحاورة الحلبية /$cجمع محمد نعمان مقيدزادة.
=880  \\$6260-02/r$aبيروت :$bالمطبعة الادبية،$c1300 [1882 or 1883]
=880  1\$6700-03/r$aمقيدزادة، محمد نعمان.
=856  4\$uhttp://hdl.handle.net/2027/njp.32101021980741
=998  \\$a07/22/92$s9118$nNjP$wNJPG88B49242$d10/05/88$cJEB$bJEB$i920722$lNJPG
=911  \\$a19921028
=912  \\$a19920722000000.0
=994  \\$aC0$bPUL
=999  \\$a470347
=979  \\$a(OCoLC)ocn175494248
=852  00$0511295$brcppa$t1$hPJ8107.A42$iM832 1882$xtr fr arab
=852  8\$08680014$belf1$hElectronic Resource
=959  \\$a2000-06-08 00:00:00 -0400

