=LDR  02599cam a2200529 a 4500
=001  479283
=003  NjP
=005  20190705140829.0
=008  881116m19609999ir\\\\\\\\\\\\000\0\ara\d
=024  7\$aprinceton_aco004819$2local
=040  \\$aNjP$cPUL$dPUL
=035  \\$a(CStRLIN)NJPG88-B57506
=035  \\$9ACF4973TS
=035  \\$a(NjP)479283
=049  \\$aPULL
=035  \\$a(OCoLC)ocm23700095
=100  1\$6880-01$aMuḥaqqiq al-Ṭihrānī, Muḥammad Riḍā.
=245  10$6880-02$aḤaqāʼiq al-fiqh fī sharḥ Sharāʼiʻ al-Islām /$ctaṣnīf Muḥammad Riḍā al-mushtahir bi-al-Muḥaqqiq al-Ṭihrānī.
=260  \\$a[Iran :$bs.n.,]$c1382- [1962 or 1963]-
=300  \\$av. ;$c24 cm.
=500  \\$6880-03$aSome vols. have title: Kitāb Ḥaqāʼiq al-fiqh fī sharāʼiʻ al-Islām.
=500  \\$aVol. 27 has individual title at head of title.
=500  \\$6880-04$aVols. 3- have imprint: Qum : al-Maṭbaʻah al-ʻIlmīyah.
=500  \\$aCover, v. 1, dated: 1382.
=500  \\$aVol. 21 includes a title page for vol. 11.
=650  \0$aIslamic law$xInterpretation and construction.$0http://id.loc.gov/authorities/subjects/sh85068455
=650  \0$6880-05$aShīʻah.$0http://id.loc.gov/authorities/subjects/sh85121390
=600  10$6880-06$aMuḥaqqiq al-Ḥillī, Jaʻfar ibn al-Ḥasan,$d1205 or 1206-1277.$tSharāʼiʻ al-Islām.$0http://id.loc.gov/authorities/names/n96066652
=740  0\$6880-07$aKitāb Ḥaqāʼiq al-fiqh fī sharḥ Sharāʼiʻ al-Islām.
=880  1\$6100-01/r$aمحقق الطهراني، محمد رضا.
=880  10$6245-02/r$aحقائق الفقه في شرح شرائع الاسلام /$cتصنيف محمد رضا المشتهر بالمحقق الطهراني.
=880  \\$6500-03/r$aكتاب حقائق الفقه في شرائع الاسلام.
=880  \\$6500-04/r$aقم : المطبعة العلمية.
=880  \0$6650-05/r$aشيعة.
=880  14$6600-06/r$aمحقق الحلي، جعفر بن الحسن،$d1205 or 1206-1277.$tشرائع الاسلام.
=880  0\$6740-07/r$aكتاب حقائق الفقه في شرح شرائع الاسلام.
=998  \\$a03/29/94$s9118$nNjP$wNJPG88B57506$d11/16/88$cKVV$bXXX$i940329$lNJPG
=948  \\$aCON AACR2
=911  \\$a19940414
=912  \\$a19990707041643.0
=994  \\$aC0$bPUL
=999  \\$a479283
=979  \\$a(OCoLC)ocn175567919
=852  81$0520795$brcppa$t1$h2271.3553.827$xtr fr f
=866  \0$0520795$80$amujallad 1-6, 8-41, 43, 47-48, 50-51
=866  \0$0520795$xDESIGNATOR: mujallad
=959  \\$a2000-06-13 00:00:00 -0400

