=LDR  01485cam a2200337 a 4500
=001  479295
=003  NjP
=005  20171013102953.0
=008  881116s1986\\\\ir\a\\\\\b\\\\000|0\ara\d
=024  7\$aprinceton_aco003533$2local
=035  \\$a(OCoLC)26285935
=035  \\$a(CStRLIN)NJPG88-B57517
=035  \\$9ACF4985TS
=040  \\$aNjP$cNjP
=041  0\$aaraper
=100  1\$aMajlisī, Muḥammad Bāqir ibn Muḥammad Taqī,$d1627 or 1628-approximately 1699.$0http://id.loc.gov/authorities/names/n86099931
=245  13$aal-Farāʼid al-ṭarīfah fī sharḥ al-Ṣaḥīfah al-sharīfah /$ctaʼlīf Muḥammad Bāqir al-Majlisī ; taḥqīq Mahdī al-Rajāʼī.
=260  \\$aIṣfahān :$bMaktabat al-ʻAllāmah al-Majlisī,$c1407 [1986 or 1987]
=300  \\$a16, 342 p. :$bill. ;$c25 cm.
=490  1\$aMaktabah al-ʻAllāmah al-Majlisī ;$v1
=500  \\$aPref. in Persian.
=504  \\$aIncludes bibliographical references.
=630  00$aṢaḥīfah al-kāmilah.$0http://id.loc.gov/authorities/names/n88292008
=650  \0$aShīʻah$vPrayers and devotions.$0http://id.loc.gov/authorities/subjects/sh2010112936
=700  1\$aRajāʼī, Mahdī.
=830  \0$aMaktabah al-ʻAllāmah al-Majlisī (Series) ;$v1.
=998  \\$a07/22/92$s9118$nNjP$wNJPG88B57517$d11/16/88$cJEB$bJEB$i920722$lNJPG
=911  \\$a19921028
=912  \\$a19920722000000.0
=852  00$0520808$brcppa$t1$hBP194.3.S233$iM344 1986$xtr fr nec
=959  \\$a2000-06-13 00:00:00 -0400

