=LDR  01341cam a2200301 a 4500
=001  479585
=003  NjP
=005  20171013103003.0
=008  881117s1985\\\\ir\\\\\\\b\\\\000|0\ara\d
=024  7\$aprinceton_aco003192$2local
=035  \\$a(OCoLC)26452963
=035  \\$a(CStRLIN)NJPG88-B57782
=035  \\$9ACF5275TS
=040  \\$aNjP$cNjP
=100  1\$aDāmād, Muḥammad Bāqir ibn Muḥammad,$dd. 1631?$0http://id.loc.gov/authorities/names/nr91021665
=245  10$aSharḥ al-Ṣaḥīfah al-kāmilah al-sajjādīyah /$ctaʾlīf Muḥammad Bāqir al-mushtahir bi-al-Dāmād ; taḥqīq Mahdī al-Rajāʾī ; bi-ihtimām Maḥmūd al-Mīr Dāmādī.
=260  \\$aIṣfahān :$bMahdīyat al-Mīr Dāmād,$c1406 [1985 or 1986]
=300  \\$a454 p. ;$c25 cm.
=440  \0$aMahdīyat al-Mīr Dāmād Iṣfahān ;$v1
=504  \\$aIncludes bibliographical references.
=600  10$aZayn al-ʻĀbidīn ʻAlī ibn al-Ḥusayn,$dd. 710?$tṢaḥīfah al-kāmilah.
=650  \0$aShīʻah$xCustoms and practices$xEarly works to 1800.
=700  1\$aRajāʾī, Mahdī.
=998  \\$a02/11/93$s9118$nNjP$wNJPG88B57782$d11/17/88$cJEB$bOLP$i930211$lNJPG
=911  \\$a19930311
=912  \\$a19930211000000.0
=852  00$0521119$brcppa$t1$hBP193.14.A2$iS24533 1985$xtr fr nec
=959  \\$a2000-06-13 00:00:00 -0400

