=LDR  01264cam a2200361 a 4500
=001  479590
=003  NjP
=005  20171013103003.0
=008  881117s1985\\\\ir\\\\\\\\\\\\000\0\ara\d
=024  7\$aprinceton_aco003316$2local
=035  \\$a(OCoLC)26285973
=035  \\$a(OCoLC)ocn175570459
=035  \\$a(OCoLC)175570459
=035  \\$a(CStRLIN)NJPG88-B57787
=035  \\$9ACF5280TS
=035  \\$a(NjP)479590
=040  \\$aNjP$cPUL$dPUL
=049  \\$aPULL
=079  \\$aocm26285973
=100  1\$6880-01$aMurtaḍá, Muṣṭafá.
=245  10$6880-02$aLubāb al-hidāyah wa-manār al-dirāyah /$cMuṣṭafá Murtaḍá.
=260  \\$aQum, Īrān :$b[s.n.],$c1406 [1985 or 1986]
=300  \\$a94 p. ;$c25 cm.
=650  \0$aIslamic law$xInterpretation and construction.$0http://id.loc.gov/authorities/subjects/sh85068455
=880  1\$6100-01/r$aمرتضى، مصطفى.
=880  10$6245-02/r$aلباب الهداية ومنار الدراية /$cمصطفى مرتضى.
=998  \\$a07/21/92$s9118$nNjP$wNJPG88B57787$d11/17/88$cJEB$bJEB$i920721$lNJPG
=911  \\$a19921028
=912  \\$a19920721000000.0
=994  \\$aC0$bPUL
=999  \\$a479590
=852  80$0521124$brcppa$t1$hKBL$i.M8774 1985$xtr fr arab
=959  \\$a2000-06-13 00:00:00 -0400

