=LDR  01380cam a2200361 a 4500
=001  480328
=003  NjP
=005  20190705140831.0
=008  881122s1984\\\\ir\\\\\\\\\\\\000\0\ara\d
=024  7\$aprinceton_aco003713$2local
=040  \\$aNjP$cPUL$dPUL
=035  \\$a(CStRLIN)NJPG88-B58475
=035  \\$9ACF6019TS
=035  \\$a(NjP)480328
=043  \\$aaw-----$aff-----
=049  \\$aPULL
=035  \\$a(OCoLC)ocm26476468
=100  1\$6880-01$aShīrāzī, Muḥammad al-Mahdī al-Ḥusaynī.
=245  10$6880-02$aMin awwalīyāt al-dawlah al-Islāmīyah /$cbi-qalam Muḥammad al-Shīrāzī.
=260  \\$6880-03$a[Iran] :$bHayʼat Fāṭimah al-Zahrāʼ,$c1405 [1984 or 1985]
=300  \\$a160 p. ;$c21 cm.
=651  \0$aIslamic Empire$xCivilization.
=880  1\$6100-01/r$aشيرازي، محمد المهدي الحسيني.
=880  10$6245-02/r$aمن اوليات الدولة الاسلامية /$cبقلم محمد الشيرازي.
=880  \\$6260-03/r$a[ايران] :$bهيئت فاطمة الزهراء،$c1405 [1984 or 1985]
=998  \\$a08/12/92$s9118$nNjP$wNJPG88B58475$d11/22/88$cJEB$bJEB$i920812$lNJPG
=911  \\$a19921028
=912  \\$a19920812000000.0
=994  \\$aC0$bPUL
=999  \\$a480328
=979  \\$a(OCoLC)ocn175576524
=852  00$0521900$brcppa$t1$hDS36.84$i.S547 1984$xtr fr arab
=959  \\$a2000-06-13 00:00:00 -0400

