=LDR  01369cam a2200325 a 4500
=001  480382
=003  NjP
=005  20120726093836.0
=008  881122s1987\\\\ir\\\\\\\\\\\\000|0\ara\d
=024  7\$aprinceton_aco002342$2local
=035  \\$a(OCoLC)26476476
=035  \\$a(CStRLIN)NJPG88-B58525
=035  \\$9ACF6073TS
=040  \\$aNjP$cNjP
=041  1\$aara$hper
=100  1\$aMuntaẓirī, Ḥusayn ʻAlī.
=240  10$aSelections.$lArabic
=245  13$aal-Qaḍāyā al-ʻālamīyah lil-thawrah al-Islāmīyah fī aqwāl Āyat Allāh al-ʻUẓmá al-Muntaẓirī /$c[iʻdād Muṣṭafá al-Īzadī al-Najafʹābādī ; tarjamat ʻAbd al-Karīm Maḥmūd].
=250  \\$aal-Ṭabʻah 1.
=260  \\$aṬihrān :$bMuʻāwanīyat al-ʻAlāqāt al-Dawlīyah fī Munaẓẓamat al-Iʻlām al-Islāmī, al-Jumhūrīyah al-Islāmīyah fī Īrān,$c1987.
=300  \\$a169 p. ;$c22 cm.
=500  \\$aTranslated from the Persian.
=651  \0$aIran$xPolitics and government$y1979-1997$xQuotations, maxims, etc.
=650  \0$aShīʻah$xQuotations, maxims, etc.
=700  1\$aĪzadī, Muṣṭafá.
=998  \\$a08/12/92$s9118$nNjP$wNJPG88B58525$d11/22/88$cJEB$bJEB$i920812$lNJPG
=911  \\$a19921028
=912  \\$a19990809054619.0
=852  00$0521960$bnec$t1$hDS318.84.M85$iA25125 1987
=959  \\$a2000-06-13 00:00:00 -0400

