=LDR  01323cam a2200301 a 4500
=001  480426
=003  NjP
=005  20171013103037.0
=008  881122s1986\\\\ir\\\\\\\\\\\\000|0\ara\d
=024  7\$aprinceton_aco003824$2local
=035  \\$a(OCoLC)26476478
=035  \\$a(CStRLIN)NJPG88-B58570
=035  \\$9ACF6117TS
=040  \\$aNjP$cNjP
=100  2\$aMakārim Shīrāzī, Nāṣir.
=245  10$aSilsilat al-durūs al-dīnīyah fī al-ʻaqāʾid al-Islāmīyah /$c[Nāṣir Makārim al-Shīrāzī, Jaʻfar Ṣādiq al-Khalīlī].
=250  \\$aal-Ṭabʻah 1.
=260  \\$aṬihrān, Īrān :$bQism al-Iʻlām al-Khārijī, Muʾassasat al-Baʻthah,$c1407 [1986 or 1987]
=300  \\$a5 v. ;$c22 cm.
=505  0\$aal-qism 1. Maʻrifat Allāh -- al-qism 2. Maʻrifat al-nubūwah -- al-qism 3. Maʻrifat al-Imāmah -- al-qism 4. Maʻrifat al-ʻadl al-ilāhī -- al-qism 5. Maʻrifat al-maʻād.
=650  \0$aIslam$xDoctrines.$0http://id.loc.gov/authorities/subjects/sh85068396
=700  1\$aKhalīlī, Jaʻfar Ṣādiq.
=998  \\$a08/13/92$s9118$nNjP$wNJPG88B58570$d11/22/88$cJEB$bJEB$i920813$lNJPG
=911  \\$a19921028
=912  \\$a19920813000000.0
=852  00$0522008$brcppa$hBP166$i.M342 1986$xtr fr nec
=866  \0$0522008$aQism 1-qism 5
=959  \\$a2000-06-13 00:00:00 -0400

