=LDR  01040cam a2200277 a 4500
=001  480471
=003  NjP
=005  20171013103041.0
=008  881122s1987\\\\ir\\\\\\\b\\\\000|0\ara\d
=024  7\$aprinceton_aco003677$2local
=035  \\$a(OCoLC)26476482
=035  \\$a(CStRLIN)NJPG88-B58612
=035  \\$9ACF6162TS
=040  \\$aNjP$cNjP
=100  1\$aBakrī, Iḥsān ʻAbd al-Laṭīf.
=245  13$aal-Wahhābīyah fī naẓar ʻulamāʾ al-Muslimīn /$cIḥsān ʻAbd al-Laṭīf al-Bakrī.
=250  \\$aal-Ṭabʻah 2.
=260  \\$aQum :$bMaktabat Āyat Allāh al-ʻUẓmá al-Marʻashī al-Najafī,$c1408 [1987 or 1988]
=300  \\$a48 p. ;$c17 cm.
=504  \\$aIncludes bibliographical references.
=650  \0$aWahhābīyah.$0http://id.loc.gov/authorities/subjects/sh85144813
=998  \\$a08/10/92$s9118$nNjP$wNJPG88B58612$d11/22/88$cJEB$bJEB$i920810$lNJPG
=911  \\$a19921028
=912  \\$a19920810000000.0
=852  00$0522053$brcppa$t1$hBP195.W2$iB347 1987$xtr fr arab
=959  \\$a2000-06-13 00:00:00 -0400

