=LDR  01343cam a2200289 a 4500
=001  487232
=003  NjP
=005  20171013103517.0
=008  880211q19801987ir\h\\\\\b\\\\00010\ara\d
=024  7\$aprinceton_aco004087$2local
=035  \\$a(OCoLC)23491786
=035  \\$a(CStRLIN)NJPG88-B7535
=035  \\$9ACG2942TS
=040  \\$aNjP$cNjP
=100  2\$aFayḍ al-Kāshī, Muḥammad ibn Murtaḍá,$d1598 or 1599-1680 or 1681.$0http://id.loc.gov/authorities/names/n80032186
=245  13$aal-Maḥajjah al-bayḍāʾ fī tahdhīb al-Iḥyāʾ /$ctaʾlīf Muḥammad ibn al-Murtaḍá al-madʻū bi-al-Mawlá Muḥsin al-Kāshānī ; ṣaḥḥaḥahu wa-ʻallaqa ʻalayhi ʻAlī Akbar al-Ghaffārī.
=250  \\$aal-Ṭabʻah 2.
=260  \\$a[Qum] :$bDaftar-i Intishārāt-i Islāmī vābastah bi-Jāmiʻah-ʾi Mudarrisīn-i Ḥawzah-ʾi ʻIlmīyah-i Qum,$c[198-]
=300  \\$a8 v. in 4 :$bfacsims. ;$c25 cm.
=504  \\$aBibliography: v. 1, p. [36]-38.
=600  00$aGhazzālī,$d1058-1111.$tIḥyāʾ ʻulūm al-dīn$xEarly works to 1800.
=700  1\$aGhaffārī, ʻAlī Akbar.
=998  \\$a02/11/88$s9114$nNjP$wNJPG88B7535$d02/11/88$cKE$bKE$i880211$lNJPG
=911  \\$a19921028
=912  \\$a19900828000000.0
=852  80$0529243$brcppa$t1$h2269.38.666 1980z$xtr fr f
=959  \\$a2000-06-13 00:00:00 -0400

