=LDR  01519cam a2200373 a 4500
=001  496458
=003  NjP
=005  20171013104020.0
=008  890228s1976\\\\ir\\\\\\\\\\\\000\0\ara\d
=024  7\$aprinceton_aco002923$2local
=035  \\$a(OCoLC)ocn175703838
=035  \\$a(OCoLC)26520702
=040  \\$aNjP$cPUL$dPUL
=035  \\$a(OCoLC)175703838
=035  \\$a(CStRLIN)NJPG89-B10069
=035  \\$9ACH2221TS
=035  \\$a(NjP)496458
=079  \\$aocm26520702
=049  \\$aPULL
=100  1\$6880-01$aJamāl al-Dīn, Raʼūf.
=245  13$6880-02$aal-Muʻjib fī ʻilm al-naḥw :$byataḍammanu falsafat ʻilm al-naḥw wa-al-ḥurūf wafqa al-manhaj al-ʻilmī al-aṣīl /$cRaʼūf Jamāl al-Dīn.
=260  \\$6880-03$aQum, Īrān :$bDār al-Hijrah,$c[1976?]
=300  \\$a228 p. ;$c25 cm.
=650  \0$aArabic language$xGrammar.$0http://id.loc.gov/authorities/subjects/sh86000279
=880  1\$6100-01/r$aجمال الدين، رؤوف.
=880  12$6245-02/r$aالمعجب في علم النحو :$bيتضمن فلسفة علم النحو والحروف وفق المنهج العلمي الاصيل /$cرؤوف جمال الدين.
=880  \\$6260-03/r$aقم، ايران :$bدار الهجرة،$c[1976?]
=998  \\$a08/18/92$s9118$nNjP$wNJPG89B10069$d02/28/89$cJEB$bJEB$i920818$lNJPG
=911  \\$a19921028
=912  \\$a19920818000000.0
=994  \\$aC0$bPUL
=999  \\$a496458
=852  00$0539888$brcppa$t1$hPJ6106$i.J352 1976$xtr fr arab
=959  \\$a2000-06-13 00:00:00 -0500

