=LDR  01058cam a2200277 a 4500
=001  496537
=003  NjP
=005  20171013104023.0
=008  890228s1983\\\\ir\\\\\\\\\\\\00010\ara\d
=024  7\$aprinceton_aco002955$2local
=035  \\$a(OCoLC)25345398
=035  \\$a(CStRLIN)NJPG89-B10143
=035  \\$9ACH2300TS
=040  \\$aNjP$cNjP
=100  2\$aʻĀbidī al-Khurāsānī, Faḍl.
=245  10$aQāṭiʻ al-bayān fī al-āyāt al-muʾawwilah bi-Ṣāḥib al-Zamān (ʻaj) /$cli-muʾallifihi Faḍl al-ʻĀbidī al-Khurāsānī.
=250  \\$aal-Ṭabʻah 1.
=260  \\$a[Iran] :$bDār al-Murtaḍá,$c[1984?]
=300  \\$a452 p. ;$c25 cm.
=650  \0$aMahdi.$0http://id.loc.gov/authorities/subjects/sh85079849
=650  \0$aShīʻah$xDoctrines.$0http://id.loc.gov/authorities/subjects/sh85121391
=998  \\$a07/11/91$s9118$nNjP$wNJPG89B10143$d02/28/89$cKVV$bKVV$i910711$lNJPG
=911  \\$a19921028
=912  \\$a19910711000000.0
=852  00$0539979$brcppa$t1$hBP166.93$i.A24$xtr fr arab
=959  \\$a2000-06-13 00:00:00 -0500

