=LDR  01869cam a2200445 a 4500
=001  496563
=003  NjP
=005  20171013104024.0
=008  890228s1985\\\\ir\\\\\\\\\\\\000\0dara\d
=024  7\$aprinceton_aco002986$2local
=035  \\$a(OCoLC)79668201
=035  \\$a(OCoLC)ocn175704699
=035  \\$a(OCoLC)175704699
=035  \\$a(CStRLIN)NJPG89-B10167
=035  \\$9ACH2326TS
=035  \\$a(NjP)496563
=040  \\$aNjP$cPUL$dPUL
=049  \\$aPULL
=079  \\$aocm79668201
=100  1\$6880-01$aḤāʼirī, Muḥammad Mahdī.
=245  10$6880-02$aMaʻālī al-sibṭayn fī aḥwāl al-Ḥasan wa-al-Ḥusayn, ṣalawāt Allāh wa-salāmuhu ʻalayhimā /$ctaʼlīf Muḥammad Mahdī al-Ḥāʼirī.
=250  \\$6880-03$aal-Ṭabʻah 2.
=260  \\$6880-04$aQum, Īrān :$bal-Raḍī,$c1363 [1985]
=300  \\$a2 v. ;$c25 cm.
=500  \\$aTitle page partially vocalized.
=600  00$6880-05$aḤusayn ibn ʻAlī,$d-680$0http://id.loc.gov/authorities/names/n79142777
=600  00$6880-06$aḤasan ibn ʻAlī,$dd. ca. 669.$0http://id.loc.gov/authorities/names/n84006350
=880  1\$6100-01/r$aحائري، محمد مهدي.
=880  10$6245-02/r$aمعالي السبطين في احوال الحسن والحسين، صلوات الله وسلامه عليهما /$cتأليف محمد مهدي الحائري.
=880  \\$6250-03/r$aالطبعة 2.
=880  \\$6260-04/r$aقم، ايران :$bالرضي،$c1363 [1985]
=880  00$6600-05/r$aحسين بن علي،$dd. 680.
=880  00$6600-06/r$aحسن بن علي،$dd. . 669.
=998  \\$a04/24/90$s9118$nNjP$wNJPG89B10167$d02/28/89$cJEB$bJEB$i900424$lNJPG
=911  \\$a19921028
=912  \\$a20000424040844.0
=994  \\$aC0$bPUL
=999  \\$a496563
=852  00$0540006$brcppa$t1$hBP193.13.A3$iH34$xtr fr arab
=959  \\$a2000-06-13 00:00:00 -0500

