=LDR  02027cam a2200409 a 4500
=001  498102
=003  NjP
=005  20171013104123.0
=008  890308s1982\\\\ir\\\\\\\\\\\\000\0\ara\d
=024  7\$aprinceton_aco003258$2local
=035  \\$a(OCoLC)ocn175717522
=035  \\$a(OCoLC)26670430
=040  \\$aNjP$cPUL$dPUL
=035  \\$a(OCoLC)175717522
=035  \\$a(CStRLIN)NJPG89-B11593
=035  \\$9ACH3866TS
=035  \\$a(NjP)498102
=079  \\$aocm26670430$zocm35048782
=049  \\$aPULL
=100  1\$6880-01$aĀl Kāshif al-Ghiṭā, Muḥammad al-Ḥusayn,$d1877-1954.$0http://id.loc.gov/authorities/names/n79141196
=245  13$6880-02$aal-Muthul al-ʻulyā fī al-Islām lā fī Biḥamdūn /$cli-samāḥat al-Imām Muḥammad al-Ḥusayn Āl Kāshif al-Ghiṭāʼ.
=250  \\$6880-03$aal-Ṭabʻah 1.
=260  \\$6880-04$aṬihrān, al-Jumhūrīyah al-Islāmīyah fī Īrān :$bMunaẓẓamat al-Iʻlām al-Islāmī, Qism al-ʻAlāqāt al-Dawlīyah,$c1403 [1982 or 1983]
=300  \\$a80 p. ;$c22 cm.
=650  \0$aIslam and world politics.$0http://id.loc.gov/authorities/subjects/sh85068430
=650  \0$aIslam$xRelations$xChristianity.$0http://id.loc.gov/authorities/subjects/sh85068406
=880  1\$6100-01/r$aآل كاشف الغطا، محمد الحسين،$d1877-1954.
=880  12$6245-02/r$aالمثل العليا في الاسلام لا في بحمدون /$cلسماحة الامام محمد الحسين آل كاشف الغطاء.
=880  \\$6250-03/r$aالطبعة 1.
=880  \\$6260-04/r$aطهران، الجمهورية الاسلامية في ايران :$bمنظمة الاعلام الاسلامي، قسم العلاقات الدولية،$c1403 [1982 or 1983]
=998  \\$a09/14/92$s9118$nNjP$wNJPG89B11593$d03/08/89$cJEB$bJEB$i920914$lNJPG
=911  \\$a19921028
=912  \\$a19920914000000.0
=994  \\$aC0$bPUL
=999  \\$a498102
=852  00$0541724$brcppa$t1$hBP173.5$i.A442 1982$xtr fr arab
=959  \\$a2000-06-13 00:00:00 -0400

