=LDR  01179cam a2200289 a 4500
=001  498103
=003  NjP
=005  20171013104123.0
=008  890308s1985\\\\ir\\\\\\\b\\\\000|0\ara\d
=024  7\$aprinceton_aco003276$2local
=035  \\$a(OCoLC)26670432
=035  \\$a(CStRLIN)NJPG89-B11594
=035  \\$9ACH3867TS
=040  \\$aNjP$cNjP
=100  1\$aTaskhīrī, Muḥammad ʻAlī.
=245  10$aṢalāt al-Jumʻah wa-al-riwāyāt al-mushtarakah ḥawlahā /$cMuḥammad ʻAlī al-Taskhīrī, Maḥmūd Qānṣūh.
=250  \\$aal-Ṭabʻah 1.
=260  \\$aṬihrān, al-Jumhūrīyah al-Islāmīyah fī Īrān :$bMuʻāwanīyat al-ʻAlāqāt al-Dawlīyah fī Munaẓẓamat al-Iʻlām al-Islāmī,$c1985.
=300  \\$a138 p. ;$c17 cm.
=504  \\$aIncludes bibliographical references.
=650  \0$aIslamic sermons.$0http://id.loc.gov/authorities/subjects/sh85068481
=700  1\$aQānṣūh, Maḥmūd.
=998  \\$a09/14/92$s9118$nNjP$wNJPG89B11594$d03/08/89$cJEB$bJEB$i920914$lNJPG
=911  \\$a19921028
=912  \\$a19920914000000.0
=852  00$0541725$brcppa$t1$hBP183.6$i.T374 1985$xtr fr arab
=959  \\$a2000-06-13 00:00:00 -0400

