=LDR  01321cam a2200313 a 4500
=001  498117
=003  NjP
=005  20171013104124.0
=008  890308s1987\\\\ir\\\\\\\b\\\\000|0\ara\d
=024  7\$aprinceton_aco003614$2local
=035  \\$a(OCoLC)26670436
=035  \\$a(CStRLIN)NJPG89-B11606
=035  \\$9ACH3881TS
=040  \\$aNjP$cNjP
=100  1\$aʻĀmilī, Ḥasan Muḥammad Makkī.
=245  10$aQāʻidatān fiqhīyatān :$bal-lā-ḍarār wa-al-riḍāʻ : taqrīran li-abḥāth ustādhinā al-ʻallāmah al-muḥaqqiq al-kabīr al-Shaykh Jaʻfar al-Subḥānī /$cbi-qalam Ḥasan Makkī al-ʻĀmilī.
=250  \\$aal-Ṭabʻah 1.
=260  \\$a[Qum] :$bMuʾassasat Sayyid al-Shuhadāʾ,$c1408 [1987 or 1988]
=300  \\$a248 p. ;$c24 cm.
=490  1\$aMuʾassasat Sayyid al-Shuhadāʾ ;$v7
=504  \\$aIncludes bibliographical references.
=650  \0$aBreastfeeding$xReligious aspects$xIslam.
=650  \0$aDamages (Islamic law)$0http://id.loc.gov/authorities/subjects/sh91000529
=830  \0$aMuʾassasat Sayyid al-Shuhadāʾ (Series) ;$v7.
=998  \\$a03/22/94$s9118$nNjP$wNJPG89B11606$d03/08/89$cJEB$bMYP$i940322$lNJPG
=911  \\$a19940331
=912  \\$a19940322000000.0
=852  80$0541739$brcppa$t1$hKBL$i.A4445 1987$xtr fr arab
=959  \\$a2000-06-13 00:00:00 -0400

