=LDR  01305cam a2200361 a 4500
=001  499043
=003  NjP
=005  20150205105507.0
=008  890313s1909\\\\sy\\\\\\\\\\\\000\0\ara\d
=024  7\$aprinceton_aco002781$2local
=035  \\$a(OCoLC)ocn175724790
=035  \\$a(OCoLC)175724790
=035  \\$a(CStRLIN)NJPG89-B12459
=035  \\$9ACH4810TS
=035  \\$a(NjP)499043
=040  \\$aMiU$cPUL$dPUL
=049  \\$aPULL
=079  \\$aocm22316412
=100  1\$6880-01$aʻĀzār, Nasīm.
=245  10$6880-02$aArwāḥ al-aḥrār :$bdrām bi-arbaʻat fuṣūl /$cta'līf Nasīm al-ʻĀzār.
=260  \\$aSūq al-Ḥamīdīyāh, [Damascus?] :$bTuṭlabu min al-Maktabah al-Jāmiʻah,$c1909.
=300  \\$a96 p. ;$c21 cm.
=880  1\$6100-01/r$aعازار، نسيم.
=880  10$6245-02/r$aارواح الاحرار :$bدرام باربعة فصول /$cت'ليف نسيم العازار.
=856  4\$uhttp://hdl.handle.net/2027/njp.32101014295073
=998  \\$a03/13/89$s9114$nNjP$wNJPG89B12459$d03/13/89$cDGH$bDGH$i890313$lNJPG
=911  \\$a19921028
=912  \\$a19900508000000.0
=994  \\$aC0$bPUL
=999  \\$a499043
=852  00$0542875$brcppa$t1$hPJ7814.Z455$iA88$xtr fr arab
=852  8\$08680301$belf1$hElectronic Resource
=959  \\$a2000-06-08 00:00:00 -0500

