=LDR  02190cam a2200505 a 4500
=001  499157
=003  NjP
=005  20170605130252.0
=008  890313m19799999ir\\\\\\\b\\\\000\0\ara\d
=024  7\$aprinceton_aco003231$2local
=035  \\$a(OCoLC)28074154
=035  \\$a(OCoLC)ocn175725683
=035  \\$a(OCoLC)175725683
=035  \\$a(CStRLIN)NJPG89-B12563
=035  \\$9ACH4925TS
=035  \\$a(NjP)499157
=040  \\$aNjP$cPUL$dPUL
=043  \\$aa-su---
=049  \\$aPULL
=079  \\$aocm28074154
=100  1\$6880-01$aṢābirī Hamadānī, Aḥmad.
=240  10$6880-02$aḤājj
=245  10$6880-03$aKitāb al-ḥājj :$btaqrīr abḥāth faqīh al-ʻaṣr samāḥat Āyat Allāh al-ʻuẓmá al-Sayyid Muḥammad Riḍá al-Mūsawī al-Gulpāygānīdām ẓilluhu al-wārif /$ctaʼlīf Aḥmad al-Ṣābirī al-Ḥamdānī.
=250  \\$6880-04$aal-Ṭabʻah 1.
=260  \\$6880-05$aQum :$bMaṭbaʻat al-Khayyām,$c1400- [1979 or 1980- ]
=300  \\$av. ;$c25 cm.
=500  \\$aTitle page partially vocalized.
=504  \\$aIncludes bibliographical references.
=650  \0$aMuslim pilgrims and pilgrimages$zSaudi Arabia$zMecca.$0http://id.loc.gov/authorities/subjects/sh85089072
=650  \0$aShiites.$0http://id.loc.gov/authorities/subjects/sh85121432
=740  0\$6880-06$aḤājj.
=880  1\$6100-01/r$aصابري همداني، احمد.
=880  10$6240-02/r$aحاج
=880  10$6245-03/r$aكتاب الحاج :$bتقرير ابحاث فقيه العصر سماحة آية الله العظمى السيد محمد رضى الموسوي الگلپايگانيدام ظله الوارف /$cتأليف احمد الصابري الحمداني.
=880  \\$6250-04/r$aالطبعة 1.
=880  \\$6260-05/r$aقم :$bمطبعة الخيام،$c1400- [1979 or 1980-]
=880  0\$6740-06/r$aحاج.
=998  \\$a04/26/93$s9118$nNjP$wNJPG89B12563$d03/13/89$cJEB$bMYP$i930426$lNJPG
=911  \\$a19930506
=912  \\$a19930426000000.0
=994  \\$aC0$bPUL
=999  \\$a499157
=852  01$0542993$brcppa$t1$hBP187.3$i.H35$xtr fr arab
=866  \0$0542993$80$ajuzʾ 1-2
=959  \\$a2000-06-13 00:00:00 -0400

