=LDR  01062cam a2200289 a 4500
=001  499196
=003  NjP
=005  20120522140622.0
=008  890313s1984\\\\ir\\\\\\\b\\\\000|0\ara\d
=024  7\$aprinceton_aco002984$2local
=035  \\$a(OCoLC)26629623
=035  \\$a(CStRLIN)NJPG89-B12599
=035  \\$9ACH4964TS
=040  \\$aNjP$cNjP
=043  \\$aa-iq---
=100  1\$aIṣṭihbānātī, Muḥammad Ḥasan.
=245  10$aNūr al-ʻayn fī al-mashy ilá ziyārat qabr al-Ḥusayn, ʻalayhi al-salām /$ctaʾlīf Muḥammad Ḥasan al-Iṣṭihbānātī.
=250  \\$aal-Ṭabʻah 1.
=260  \\$aṬihrān :$bMaktabat al-Ṣadūq,$c1405 [1984 or 1985]
=300  \\$a352 p. ;$c25 cm.
=504  \\$aIncludes bibliographical references.
=650  \0$aMuslim pilgrims and pilgrimages$zIraq$zKarbalāʾ.
=998  \\$a09/08/92$s9118$nNjP$wNJPG89B12599$d03/13/89$cJEB$bJEB$i920908$lNJPG
=911  \\$a19921028
=912  \\$a19920908000000.0
=852  00$0543035$brcppa$t1$hBP187.55.I72$iK372 1984$xtr fr arab
=959  \\$a2000-06-13 00:00:00 -0500

