=LDR  01079cam a2200277 a 4500
=001  501075
=003  NjP
=005  20180808123753.0
=008  890322s1987\\\\ir\\\\\\\b\\\\00010\ara\d
=024  7\$aprinceton_aco003577$2local
=035  \\$a(OCoLC)25345460
=035  \\$a(CStRLIN)NJPG89-B14324
=035  \\$9ACH6852TS
=040  \\$aNjP$cNjP
=100  2\$aMūsawī al-Ardabīlī, ʻAbd al-Karīm.
=245  10$aFiqh al-qaḍāʾ :$byaḥtawī ʻalá buḥūth hāmmah mustaḥdathah /$cli-muʾallifihi ʻAbd al-Karīm al-Mūsawī al-Ardabīlī.
=250  \\$aal-Ṭabʻah 1.
=260  \\$aQum :$bMaktabat Amīr al-Muʾminīn,$c1408 [1987 or 1988]
=300  \\$a728 p. ;$c25 cm.
=504  \\$aIncludes bibliographical references.
=650  \0$aIslamic law$xInterpretation and construction.$0http://id.loc.gov/authorities/subjects/sh85068455
=998  \\$a07/01/91$s9118$nNjP$wNJPG89B14324$d03/22/89$cKVV$bKVV$i910701$lNJPG
=911  \\$a19921028
=912  \\$a19970512055706.0
=852  80$0545047$brcppa$t1$hKBL$i.M8725$xtr fr arab
=959  \\$a2007-07-18 14:02:15 -0400

