=LDR  02219cam a2200433 a 4500
=001  501098
=003  NjP
=005  20190705140856.0
=008  890322s1987\\\\ir\\\\\\\\\\\\000\0\ara\d
=024  7\$aprinceton_aco004474$2local
=040  \\$aNjP$cPUL$dPUL
=035  \\$a(CStRLIN)NJPG89-B14345
=035  \\$9ACH6875TS
=035  \\$a(NjP)501098
=049  \\$aPULL
=035  \\$a(OCoLC)ocm26601069
=100  0\$6880-01$aKumayl ibn Ziyād,$d633 or 634-701.$0http://id.loc.gov/authorities/names/n84165125
=245  10$6880-02$aDuʻāʼ Kumayl wa-Duʻāʼ al-Imām Zayn al-ʻĀbidīn (ʻa) li-ahl al-thughūr.
=250  \\$6880-03$aal-Ṭabʻah 1.
=260  \\$6880-04$aṬihrān, al-Jumhūrīyah al-Islāmīyah fī Īrān :$bMuʻāwanīyat al-ʻAlāqāt al-Dawlīyah fī Munaẓẓamat al-Iʻlām al-Islāmī,$c1987.
=300  \\$a47 p. ;$c16 cm.
=650  \0$6880-05$aShīʻah$vPrayers and devotions$vEarly works to 1800.
=700  0\$6880-06$aZayn al-ʻĀbidīn ʻAlī ibn al-Ḥusayn,$d-710?.$tDuʻāʼ al-Imām Zayn al-ʻĀbidīn.$0http://id.loc.gov/authorities/names/n84007864
=740  0\$6880-07$aDuʻāʼ al-Imām Zayn al-ʻĀbidīn.
=880  0\$6100-01/r$aكميل بن زياد،$d633 or 634-701.
=880  10$6245-02/r$aدعاء كميل ودعاء الامام زين العابدين (ع) لاهل الثغور.
=880  \\$6250-03/r$aالطبعة 1.
=880  \\$6260-04/r$aطهران، الجمهورية الاسلامية في ايران :$bمعاونية العلاقات الدولية في منظمة الاعلام الاسلامي،$c1987.
=880  \0$6650-05/r$aشيعة$vپريرس اند دڤتنس$vررلي وركس ت 1800.
=880  0\$6700-06/r$aزين العابدين علي بن الحسين،$d-710?.$tدعاء الامام زين العابدين.
=880  0\$6740-07/r$aدعاء الامام زين العابدين.
=998  \\$a09/01/92$s9118$nNjP$wNJPG89B14345$d03/22/89$cJEB$bJEB$i920901$lNJPG
=911  \\$a19921028
=912  \\$a19920901000000.0
=994  \\$aC0$bPUL
=999  \\$a501098
=979  \\$a(OCoLC)ocn175740440
=852  80$0545072$brcppa$t1$h2264.106745.331 1987$xtr fr f
=959  \\$a2000-06-13 00:00:00 -0500

