=LDR  00946cam a2200277 a 4500
=001  501103
=003  NjP
=005  20180808123755.0
=008  890322s1987\\\\ir\\\\\\\\\\\\00010\ara\d
=024  7\$aprinceton_aco002773$2local
=035  \\$a(OCoLC)83572323
=035  \\$a(CStRLIN)NJPG89-B14350
=035  \\$9ACH6880TS
=040  \\$aNjP$cNjP
=041  1\$aaraper
=100  1\$aMuṭahharī, Murtaz̤á.
=245  13$aal-Taʻarruf ʻalá al-Qurʼān al-karīm /$cal-muʼallif Murtaḍá al-Muṭahharī.
=250  \\$aal-Ṭabʻah 2.
=260  \\$a[Iran] :$bMunaẓẓamat al-Iʻlām al-Islāmī,$c1987.
=300  \\$a79 p. ;$c17 cm.
=630  00$aQurʼan.$0http://id.loc.gov/authorities/subjects/sh85072953
=998  \\$a10/19/90$s9118$nNjP$wNJPG89B14350$d03/22/89$cJAB$bJAB$i901019$lNJPG
=911  \\$a19921028
=912  \\$a19910104000000.0
=852  00$0545077$brcppa$t1$hBP130.6$i.M87 1987$xtr fr arab
=959  \\$a2000-06-13 00:00:00 -0500

