=LDR  01517cam a2200385 a 4500
=001  501422
=003  NjP
=005  20180808123820.0
=008  890323m19829999ir\\\\\\\b\\\\000\0\ara\d
=024  7\$aprinceton_aco003222$2local
=035  \\$a(OCoLC)ocn175742971
=040  \\$aNjP$cPUL$dPUL
=035  \\$a(OCoLC)175742971
=035  \\$a(CStRLIN)NJPG89-B14648
=035  \\$9ACH7199TS
=035  \\$a(NjP)501422
=079  \\$aocm26601077
=049  \\$aPULL
=100  1\$6880-01$aRaḍawī, Muḥammad al-Raḍī.
=245  13$6880-02$aal-Islām wa-ḥuqūq al-insān /$cMuḥammad al-Raḍī al-Raḍawī.
=260  \\$6880-03$aṬihrān :$bYuṭlabu hādhā al-kitāb min Maktabat al-Najāḥ,$c1403- [1982 or 1983- ]
=300  \\$av. ;$c24 cm.
=504  \\$aIncludes bibliographical references.
=650  \0$aHuman rights$xReligious aspects$xIslam.$0http://id.loc.gov/authorities/subjects/sh2008105885
=880  1\$6100-01/r$aرضوي، محمد الرضي.
=880  12$6245-02/r$aالاسلام وحقوق الانسان /$cمحمد الرضي الرضوي.
=880  \\$6260-03/r$aطهران :$bيطلب هذه الكتاب من مكتبة النجاح،$c1403- [1982 or 1983- ]
=998  \\$a08/31/92$s9118$nNjP$wNJPG89B14648$d03/23/89$cJEB$bJEB$i920831$lNJPG
=911  \\$a19921028
=912  \\$a19920831000000.0
=994  \\$aC0$bPUL
=999  \\$a501422
=852  01$0545455$brcppa$t1$hBP173.44$i.R322 1982$xtr fr arab
=866  \0$0545455$80$ajuzʾ 1
=959  \\$a2000-06-13 00:00:00 -0400

