=LDR  01667cam a2200385 a 4500
=001  501486
=003  NjP
=005  20190705140857.0
=008  890324s1983\\\\ir\\\\\\\b\\\f000\0\ara\d
=024  7\$aprinceton_aco003844$2local
=040  \\$aNjP$cPUL$dPUL
=035  \\$a(CStRLIN)NJPG89-B14709
=035  \\$9ACH7263TS
=035  \\$a(NjP)501486
=049  \\$aPULL
=035  \\$a(OCoLC)ocm22322873
=100  1\$6880-01$aMuṭahharī, Murtaz̤á.
=245  13$6880-02$aal-Insān wa-al-qadar /$cĀyat Allāh al-Shahīd al-Muṭahharī ; [al-mutarjim, Muḥammad ʻAlī al-Taskhīrī].
=250  \\$6880-03$aal-Ṭabʻah 4.
=260  \\$6880-04$aṬihrān :$bMunaẓẓamat al-Iʻlām al-Islāmī, Muʻāwunīyat al-ʻAlāqāt al-Dawlīyah,$c1987.
=300  \\$a87 p. ;$c21 cm.
=504  \\$aIncludes bibliographical references.
=650  \0$aFree will and determinism$xReligious aspects$xIslam.$0http://id.loc.gov/authorities/subjects/sh85051688
=880  1\$6100-01/r$aمطهري، Murtaz̤á.
=880  12$6245-02/r$aالانسان والقدر /$cآية الله الشهيد المطهري ؛ [المترجم، محمد علي التسخيري].
=880  \\$6250-03/r$aالطبعة 4.
=880  \\$6260-04/r$aطهران :$bمنظمة الاعلام الاسلامي، معاونية العلاقات الدولية،$c1987.
=998  \\$a03/24/89$s9114$nNjP$wNJPG89B14709$d03/24/89$cDGH$bDGH$i890324$lNJPG
=911  \\$a19921028
=912  \\$a19951130031841.0
=994  \\$aC0$bPUL
=999  \\$a501486
=979  \\$a(OCoLC)ocn175743459
=852  00$0545526$brcppa$t1$hBP166.3$i.M85 1987$xtr fr nec
=959  \\$a2000-06-13 00:00:00 -0400

