=LDR  01387cam a2200409 a 4500
=001  502279
=003  NjP
=005  20180808123924.0
=008  890329m19829999ir\\\\\\\b\\\\000\0\ara\d
=024  7\$aprinceton_aco003385$2local
=010  \\$a   84182282 
=035  \\$a(OCoLC)12262321
=035  \\$a(OCoLC)ocn175749909
=035  \\$a(OCoLC)175749909
=035  \\$a(CStRLIN)NJPG89-B15448
=035  \\$9ACH8056TS
=035  \\$a(NjP)502279
=040  \\$aPUL$cPUL$dPUL
=049  \\$aPULL
=050  0\$aBP194.1$b.R23 1982
=079  \\$aocm12262321
=100  1\$6880-01$aRaḍawī, Muḥammad al-Raḍī.
=245  10$6880-02$aKadhabū ʻalá al-Shīʻah /$c[Muḥammad al-Raḍī al-Raḍawī].
=260  \\$a[Iran :$bs.n.,$c1982- ]
=300  \\$av. ;$c24 cm.
=504  \\$aIncludes bibliographical references.
=650  \0$aShīʻah$xApologetic works.$0http://id.loc.gov/authorities/subjects/sh2008111613
=880  1\$6100-01/r$aرضوي، محمد الرضي.
=880  10$6245-02/r$aكذبوا على الشيعة /$c[محمد الرضي الرضوي].
=998  \\$a10/18/90$s9110$nNjP$wDCLC84182282B$d03/29/89$cJEB$bJEB$i901018$lNJPG
=911  \\$a19921028
=912  \\$a19910104000000.0
=994  \\$aC0$bPUL
=999  \\$a502279
=852  01$0546349$brcppa$t1$hBP194.1$i.R23 1982$xtr fr arab
=866  \0$0546349$80$ajuzʾ 1
=959  \\$a2000-06-13 00:00:00 -0400

