=LDR  01634cam a2200385 a 4500
=001  504931
=003  NjP
=005  20190705140901.0
=008  890412s1983\\\\ir\\\\\\\b\\\\000\0\ara\d
=024  7\$aprinceton_aco003684$2local
=040  \\$aNjP$cPUL$dPUL
=035  \\$a(CStRLIN)NJPG89-B17895
=035  \\$9ACJ0710TS
=035  \\$a(NjP)504931
=049  \\$aPULL
=019  \\$a33856672
=035  \\$a(OCoLC)ocm22319819$z(OCoLC)ocm33856672
=100  1\$6880-01$aʻAwdah, ʻAbd al-Qādir.
=245  13$6880-02$aal-Māl wa-al-ḥukm fī al-Islām /$cʻAbd al-Qādir ʻAwdah.
=260  \\$6880-03$aṬihrān, al-Jumhūrīyah al-Islāmīyah al-Īrānīyah :$bMunaẓẓamat al-Iʻlām al-Islāmī,$c1404 [1983 or 1984]
=300  \\$a143 p. ;$c17 cm.
=504  \\$aIncludes bibliographical references.
=650  \0$aIslam and state.$0http://id.loc.gov/authorities/subjects/sh85068426
=650  \0$aEconomics$xReligious aspects$xIslam.$0http://id.loc.gov/authorities/subjects/sh91004207
=880  1\$6100-01/r$aعودة، عبد القادر.
=880  12$6245-02/r$aالمال والحكم في الاسلام /$cعبد القادر عودة.
=880  \\$6260-03/r$aطهران، الجمهورية الاسلامية الارانية :$bمنظمة الاعلام الاسلامي،$c1404 [1983 or 1984]
=998  \\$a04/12/89$s9114$nNjP$wNJPG89B17895$d04/12/89$cKVV$bKVV$i890412$lNJPG
=911  \\$a19921028
=912  \\$a19900508000000.0
=994  \\$aC0$bPUL
=999  \\$a504931
=979  \\$a(OCoLC)ocn175771542
=852  00$0549317$brcppa$t1$hJC49$i.A91 1983$xtr fr arab
=959  \\$a2000-06-13 00:00:00 -0400

