=LDR  02336cam a2200469   4500
=001  510529
=003  NjP
=005  20190705140909.0
=008  890511m19091910mr\\\\\\\\\\\\000\0\ara\d
=024  7\$aprinceton_aco004606$2local
=040  \\$aNjP$cPUL$dPUL
=035  \\$a(CStRLIN)NJPG89-B23193
=035  \\$9ACJ6324TS
=035  \\$a(NjP)510529
=049  \\$aPULL
=035  \\$a(OCoLC)ocn175310480
=100  1\$6880-01$aʻUlaymī, Yāsīn ibn Zayn al-Dīn,$dd. 1650 or 51.$0http://id.loc.gov/authorities/names/nr89005827
=245  10$6880-02$aḤawāshī al-Shaykh al-Imām khātimat al-muḥaqqiqīn ...
=260  \\$6880-03$aFās,$bal-Maṭbaʻah al-Mawlawīyah,$c1327-1328 [1909-1910]
=300  \\$a2 v.$c27 cm.
=500  \\$6880-04$aOn the margins: Sharḥ al-Kāfiyah al-shāfiyah, by Ibn Mālik.
=600  10$6880-05$aIbn Mālik, Muḥammad ibn ʻAbd Allāh,$dd. 1274.$tAlfīyah.$0http://id.loc.gov/authorities/names/n83056203
=700  12$6880-06$aIbn Mālik, Muḥammad ibn ʻAbd Allāh,$dd. 1274.$tSharḥ al-Kāfiyah al-shāfiyah.$f1909.$0http://id.loc.gov/authorities/names/n83056178
=740  0\$6880-07$aḤawāshin ... ʻalá Khulāṣat ... Ibn Mālik ...
=856  4\$uhttp://catalog.hathitrust.org/Record/009016996
=880  1\$6100-01/r$aعليمي، ياسين بن زين الدين،$dd. 1650 or 51.
=880  10$6245-02/r$aحواشي الشيخ الامام خاتمة المحققين ...
=880  \\$6260-03/r$aفاس،$bالمطبعة المولوية،$c1327-1328 [1909-1910]
=880  \\$6500-04/r$aOn the margins: شرح الكافية الشافية،by ابن مالك.
=880  10$6600-05/r$aابن مالك، محمد بن عبد الله،$dd. 1274.$tالفية.
=880  12$6700-06/r$aابن مالك، محمد بن عبد الله،$dd. 1274.$tشرح الكافية الشافية.$f1909.
=880  0\$6740-07/r$aحواشن ... على خلاصة ... ابن مالك ...
=998  \\$a11/29/90$s9124$nNjP$wNJPG89B23193$d05/11/89$cKVV$bKVV$i901129$lNJPG
=948  \\$aCON-AACR2
=911  \\$a19921028
=912  \\$a19910104000000.0
=994  \\$aC0$bPUL
=999  \\$a510529
=979  \\$a(OCoLC)ocn175814596
=852  80$0555564$brcppa$t1$h2272.66548.957$xtr fr f
=852  8\$08680350$belf1$hElectronic Resource
=959  \\$a2000-06-08 00:00:00 -0500

