=LDR  01219cam a2200301 a 4500
=001  5344689
=003  NjP
=005  20181009174928.0
=008  820226s1952\\\\jo\\\\\\\d\\\\000\0\ara\d
=024  7\$aprinceton_aco004287$2local
=035  \\$a(OCoLC)ocm08196875
=035  \\$a(OCoLC)8196875
=040  \\$aNSA$cNSA$dOCL$dOCLCQ$dNjP
=050  \4$aU25$b.Q258 1952
=245  03$aal-Qāmūs al-ʻaskarī :$bInklīzī-ʻArabī = Military dictionary : English Arabic.
=246  31$aMilitary dictionary, English-Arabic
=246  3\$aArab Legion military dictionary
=250  \\$a1st ed.
=260  \\$a[Amman? :$bn.s.],$c1952.
=300  \\$a196 p. ;$c25 cm.
=500  \\$aEquivalents of English words given in phonetic Arabic and Arabic words phonetic English.
=650  \0$aMilitary art and science$vDictionaries.$0http://id.loc.gov/authorities/subjects/sh85085137
=650  \0$aEnglish language$vDictionaries$xArabic.$0http://id.loc.gov/authorities/subjects/sh2008102611
=710  1\$aJordan.$bJaysh al-ʻArabī.$0http://id.loc.gov/authorities/names/n84228555
=904  \\$acjf$bo$hm$cb$e20080107
=902  \\$ars$bm$6a$7m$dv$f1$e20080226
=852  0\$05506381$brcppa$hU25$i.Q258 1952
=959  \\$a2008-02-26 13:29:25 -0500

