=LDR  02739cam a2200577 a 4500
=001  538686
=003  NjP
=005  20171017102351.0
=008  890131m19889999ir\\\\\\\b\\\\001\0\ara\d
=024  7\$aprinceton_aco003242$2local
=035  \\$a(OCoLC)ocn176033589
=040  \\$aNjP$cPUL$dPUL
=035  \\$a(OCoLC)176033589
=035  \\$a(CStRLIN)NJPG89-B4955
=035  \\$9ACM4557TS
=035  \\$a(NjP)538686
=079  \\$aocm26824493
=049  \\$aPULL
=100  1\$6880-01$aSubḥānī, Jaʻfar.
=245  10$6880-02$aAbḥāth fī al-milal wa-al-niḥal /$cJaʻfar al-Subḥānī.
=250  \\$6880-03$aal-Ṭabʻah 2., maʻa iḍāfāt hāmmah
=260  \\$6880-04$aQum :$bMarkaz-i Mudīrīyat-i Ḥawzah-i ʻIlmīyah-i Qum,$c1408-1412 [1988-1992- ]
=300  \\$av. ;$c22 cm.
=490  1\$6880-05$aMarkaz-i Mudīrīyat-i Ḥawzah-i ʻIlmīyah-i Qum ;$v17-18, 25, 26
=500  \\$aTitle page partially vocalized.
=500  \\$6880-06$aVol. 2-5, 8 have edition statement: al-Ṭabʻah 1.
=500  \\$6880-07$aVol. 3-5, 8 have title: Buḥūth fī al-milal wa-al-niḥal.
=504  \\$aIncludes bibliographical references (v. 5, p. 533-542) and index.
=500  \\$6880-08$aVol. 7-8 published: Qum : Muʼassasat al-Imām al-Ṣādiq.
=650  \0$aIslamic sects.$0http://id.loc.gov/authorities/subjects/sh85068480
=740  0\$6880-09$aBuḥūth fī al-milal wa-al-niḥal.
=830  \0$aMarkaz-i Mudīrīyat-i Ḥawzah-i ʻIlmīyah-i Qum (Series) ;$v17-18.
=830  \0$aMarkaz-i Mudīrīyat-i Ḥawzah-i ʻIlmīyah-i Qum (Series) ;$v25, 26.
=880  1\$6100-01/r$aسبحاني، جعفر.
=880  10$6245-02/r$aابحاث في الملل والنحل /$cجعفر السبحاني.
=880  \\$6250-03/r$aالطبعة 2.، مع اضافات هامة
=880  \\$6260-04/r$aقم :$bمركزا مديريتا حوزها علميةا قم،$c1408-1412 [1988-1992- ]
=880  1\$6490-05/r$aمركزا مديريتا حوزها علميةا قم ؛$v17-18، 25، 26
=880  \\$6500-06/r$aVol. 2-5, 8 have edition statement: الطبعة 1.
=880  \\$6500-07/r$aVol. 3-5, 8 have title: بحوث في الملل والنحل.
=880  \\$6500-08/r$aVol. 7-8 published : مؤسسة الامام الصادق.
=880  0\$6740-09/r$aبحوث في الملل والنحل.
=998  \\$a05/20/94$s9118$nNjP$wNJPG89B4955$d01/31/89$cJEB$bKC$i940520$lNJPG
=911  \\$a19940526
=912  \\$a19990514050915.0
=994  \\$aC0$bPUL
=999  \\$a538686
=852  01$0586872$brcppa$t1$hBP191$i.S92 1988$xtr fr arab
=866  \0$0586872$80$aal-juzʾ 1-8 (published in 1418 [1997 or 1998])
=866  \0$0586872$80$xDESIGNATOR:al-Juz
=959  \\$a2000-06-13 00:00:00 -0400

