=LDR  01027cam a2200277 a 4500
=001  538754
=003  NjP
=005  20171017102353.0
=008  890131s1987\\\\ir\\\\\\\b\\\\000|0\ara\d
=024  7\$aprinceton_aco003549$2local
=035  \\$a(OCoLC)26453190
=035  \\$a(CStRLIN)NJPG89-B4962
=035  \\$9ACM4626TS
=040  \\$aNjP$cNjP
=100  1\$aTaskhīrī, Muḥammad ʻAlī.
=245  10$aNiẓām al-ʻuqūbāt al-Islāmīyah /$cal-muʾallif Muḥammad ʻAlī al-Taskhīrī.
=250  \\$aal-Ṭabʻah 2., munaqqaḥah.
=260  \\$aṬihrān, Īrān :$bMunaẓẓamat al-Iʻlām al-Islāmī,$c1987.
=300  \\$a104 p. ;$c22 cm.
=504  \\$aIncludes bibliographical references.
=650  \0$aPunishment (Islamic law)$0http://id.loc.gov/authorities/subjects/sh85109118
=998  \\$a07/30/92$s9118$nNjP$wNJPG89B4962$d01/31/89$cJEB$bJEB$i920730$lNJPG
=911  \\$a19921028
=912  \\$a19970912041230.0
=852  80$0586953$brcppa$t1$hKBL$i.T373 1987$xtr fr arab
=959  \\$a2000-06-13 00:00:00 -0400

