=LDR  01618cam a2200433 a 4500
=001  541598
=003  NjP
=005  20171017102535.0
=008  890201s1988\\\\ir\\\\\\\b\\\\001\0\ara\d
=024  7\$aprinceton_aco002977$2local
=035  \\$a(OCoLC)ocn176047538
=035  \\$a(OCoLC)23505255
=040  \\$aMiU$cPUL$dPUL
=035  \\$a(OCoLC)176047538
=035  \\$a(CStRLIN)NJPG89-B5231
=035  \\$9ACM7476TS
=035  \\$a(NjP)541598
=079  \\$aocm23505255
=049  \\$aPULL
=245  00$6880-01$aMajmaʻ al-anwār :$bal-shukr wa-al-ṣabr /$ciʻdād ʻAlī Riḍā Barāzish.
=250  \\$6880-02$aal-Ṭabʻah 1.
=260  \\$6880-03$aṬihrān :$bMunaẓẓamat al-Iʻlām al-Islāmī,$c1988.
=300  \\$a556 p. ;$c24 cm.
=504  \\$aIncludes bibliographical references.
=500  \\$aIncludes indexes.
=650  \0$aVirtues.$0http://id.loc.gov/authorities/subjects/sh85143810
=650  \0$aHadith.$0http://id.loc.gov/authorities/subjects/sh85058192
=700  1\$6880-04$aBarāzish, ʻAlī Riz̤ā.
=880  00$6245-01/r$aمجمع الانوار :$bالشكر والصبر /$cاعداد علي رضا برازش.
=880  \\$6250-02/r$aالطبعة 1.
=880  \\$6260-03/r$aطهران :$bمنظمة الاعلام الاسلامي،$c1988.
=880  1\$6700-04/r$aبرازش، علي رóزا.
=998  \\$a10/11/90$s9114$nNjP$wNJPG89B5231$d02/01/89$cJEB$bJEB$i901011$lNJPG
=911  \\$a19921028
=912  \\$a19961205041449.0
=994  \\$aC0$bPUL
=999  \\$a541598
=852  00$0590361$brcppa$t1$hBP188.15$i.M34$xtr fr arab
=959  \\$a2000-06-13 00:00:00 -0500

