=LDR  01132cam a2200301 a 4500
=001  548834
=003  NjP
=005  20171017103032.0
=008  891207s1985\\\\ir\\\\\\\\\\\\00010\arar\
=024  7\$aprinceton_aco003474$2local
=010  \\$a   86930954 
=035  \\$a(OCoLC)20636961
=035  \\$a(CStRLIN)NJPG89-B59079
=035  \\$9ACN4735TS
=040  \\$dNjP
=050  0\$aBP194$b.S92 1985
=100  1\$aSubḥānī, Jaʻfar.
=245  10$aTahdhīb al-uṣūl :$btaqrīran li-baḥth ... Rūh Allāh al-Mūsawī al-Khumaynī /$cbi-qalam Jaʻfar al-Subḥānī al-Tabrīzī.
=260  \\$aQum, Īrān :$bMuʾassasat Ismāʻīlīyān,$c[1985?]
=300  \\$a3 v. ;$c25 cm.
=600  10$aKhomeini, Ruhollah$xViews on Shīʻah doctrines.
=650  \0$aIslamic law$xInterpretation and construction.$0http://id.loc.gov/authorities/subjects/sh85068455
=998  \\$a12/11/89$s9110$nNjP$wDCLC86930954B$d12/07/89$cJAB$bJAB$i891211$lNJPG
=911  \\$a19921028
=912  \\$a19900508000000.0
=852  80$0598687$brcppa$t1$hKBL$i.S92$xtr fr arab
=866  \0$0598687$ajuz' 1-juz' 3
=959  \\$a2000-06-13 00:00:00 -0400

