=LDR  02902cam a2200529 a 4500
=001  5536357
=003  NjP
=005  20190705165633.0
=008  860221s1952\\\\ua\\\\\f\i\\\\010\0\ara\d
=024  7\$aprinceton_aco003716$2local
=040  \\$aMiU$cPUL$dPUL
=035  \\$a(CStRLIN)CTYN05-B10407
=043  \\$aa-sy---$aa-le---$af-ua---
=050  \4$aDS97.5$b.R9878 1952
=090  \\$aDS97.5$b.R9878 1952
=049  \\$aPULL
=035  \\$a(OCoLC)ocm23486702
=100  1\$6880-01$aRustum, Asad,$d1897-1965.$0http://id.loc.gov/authorities/names/nr91018948
=245  13$6880-02$aal-Maḥfūẓāt al-Malakīyah /$cʻuniya bi-intiqāʼihā wa-tansīqihā wa-al-ishrāf ʻalá tarjamat baʻḍhā Asad Rustum ; al-fahāris li-Ṣubḥī Nāyif Abū Shaqrā.
=246  14$6880-03$aFihris wathāʼiq al-Shām fī ʻahd Muḥammad ʻAlī al-Kabīr
=260  \\$6880-04$a[Cairo] :$bDār al-Maʻārif bi-Miṣr,$c[1952]
=300  \\$a326 p. ;$c24 cm.
=500  \\$6880-05$aAt head of title: al-Jamʻīyah al-Malakīyah lil-Dirāsāt al-Tārīkhīyah.
=500  \\$6880-06$a"al-Dhikrá al-miʼawīyah lil-maghfūr la-hu Muḥammad ʻAlī al-Kabīr"--Cover
=651  \0$aSyria$xHistory$y1516-1918$vSources.
=651  \0$aLebanon$xHistory$y1516-1918$vSources
=650  \0$aArchives$zEgypt.
=700  1\$6880-07$aAbū Shaqrā, Ṣubḥī Nāyif.
=700  12$6880-08$aAbū Shaqrā, Ṣubḥī Nāyif.$tFihris wathāʼiq al-Shām fī ʻahd Muḥammad ʻAlī al-Kabīr.
=710  2\$6880-09$aJamʻīyah al-Miṣrīyah lil-Dirāsāt al-Tārīkhīyah.$0http://id.loc.gov/authorities/names/n84009946
=880  1\$6100-01/r$aرستم، اسد،$d1897-1965.
=880  12$6245-02/r$aالمحفوظات الملكية /$cعني بانتقائها وتنسيقها والاشراف على ترجمة بعضها اسد رستم ؛ الفهارس لصبحي نايف ابو شقرا.
=880  14$6246-03/r$aفهرس وثائق الشام في عهد محمد علي الكبير
=880  \\$6260-04/r$a[القاهرة] :$bدار المعارف بمصر،$c[1952]
=880  \\$6500-05/r$aAt head of title: الجمعية الملكية للدراسات التاريخية.
=880  \\$6500-06/r$a"الذكرى المئوية للمغفور له محمد علي الكبير"Cover
=880  1\$6700-07/r$aابو شقرا، صبحي نايف.
=880  12$6700-08/r$aابو شقرا، صبحي نايف.$tفهرس وثائق الشام في عهد محمد علي الكبير.
=880  2\$6710-09/r$aجمعية المصرية للدراسات التاريخية.
=904  \\$aslt$bo$hm$cb$e20080801
=994  \\$aC0$bPUL
=999  \\$a5536357
=902  \\$ajab$bm$6a$7m$dv$f1$e20080827
=979  \\$a(OCoLC)ocn244475176
=979  \\$a(OCoLC)ocm13182919
=852  0\$05666489$brcppa$hDS97.5$i.R9878 1952
=959  \\$a2008-08-25 11:52:25 -0400

