=LDR  00894cam a2200253 a 4500
=001  608205
=003  NjP
=005  20171018101544.0
=008  901029s1872\\\\sy\\\\\\\\\\\\00000\ara\d
=024  7\$aprinceton_aco002787$2local
=035  \\$a(OCoLC)81993901
=035  \\$a(CStRLIN)NJPG90-B48175
=035  \\$9ACU4309TS
=040  \\$aNjP$cNjP
=245  00$aQaṭf al-zahwī ay majmūʻ al-taqārīẓ /$ctuqaddamat Yūsuf Afandī Niʻmat Allāh.
=260  \\$aḤalab :$bal-Madrasah al-Mārūnīyah,$c1872.
=300  \\$a8 [i.e. 10] p. ;$c23 cm.
=500  \\$aCover title.
=650  \0$aLaudatory poetry, Arabic.$0http://id.loc.gov/authorities/subjects/sh90002017
=998  \\$a10/29/90$s9114$nNjP$wNJPG90B48175$d10/29/90$cJEB$bJEB$i901029$lNJPG
=911  \\$a19921028
=912  \\$a19910104000000.0
=852  00$0666626$brcppa$t1$hPJ7632.Q3$iQ27$xtr fr arab
=959  \\$a2000-06-13 00:00:00 -0500

