=LDR  02744cam a2200529 a 4500
=001  614107
=003  NjP
=005  20171018101947.0
=008  901128s1988\\\\ir\\\\\\\\\\\\001\0\ara\d
=024  7\$aprinceton_aco003133$2local
=035  \\$a(OCoLC)22176481
=035  \\$a(OCoLC)ocn176027419
=035  \\$a(OCoLC)176027419
=035  \\$a(CStRLIN)NJPG90-B53562
=035  \\$9ACV0222TS
=035  \\$a(NjP)614107
=040  \\$aNjP$cPUL$dPUL
=041  0\$aaraper
=049  \\$aPULL
=079  \\$aocm22176481
=100  1\$6880-01$aBayhaqī, ʻAlī ibn Zayd,$d1105 or 1106-1169 or 1170.$0http://id.loc.gov/authorities/names/nr90026784
=245  10$6880-02$aMaʻārij Nahj al-balāghah /$ctaʼlīf Ẓahīr al-Dīn Abī al-Ḥasan ʻAlī ibn Zayd al-Bayhaqī ; ḥaqqaqahu wa-qaddama la-hu Muḥammad Taqī DānishʹPazhūh ; ishrāf Maḥmūd al-Marʻashī.
=250  \\$6880-03$aal-Ṭabʻah 1.
=260  \\$6880-04$aQum :$bMaktabat Āyat Allāh al-ʻUẓmá al-Marʻashī al-Najafī,$c1409 [1988 or 1989]
=300  \\$a71, 468 p. ;$c25 cm.
=440  \0$6880-05$aMin makhṭūṭāt Maktabat Āyat Allāh al-ʻUẓmá al-Marʻashī al-ʻĀmmah ;$v27
=500  \\$aIncludes indexes.
=600  00$aʻAlī ibn Abī Ṭālib,$cCaliph,$d600 (ca.)-661.
=600  10$6880-06$aSharīf al-Rāḍī, Muḥammad ibn al-Ḥusayn,$d969 or 70-1016.$tNahj al-balāghah.
=650  \0$aHadith (Shiites)$xCommentaries.$0http://id.loc.gov/authorities/subjects/sh91004162
=700  1\$6880-07$aDānishʹpazhūh, Muḥammad Taqī.
=700  1\$6880-08$aMarʻashī, Maḥmūd.
=880  1\$6100-01/r$aبيهقي، علي بن زيد،$d1105 or 1106-1169 or 1170.
=880  10$6245-02/r$aمعارج نهج البلاغة /$cتأليف ظهير الدين ابي الحسن علي بن زيد البيهقي ؛ حققه وقدم له محمد تقي دانشپچوه ؛ اشراف محمود المرعشي.
=880  \\$6250-03/r$aالطبعة 1.
=880  \\$6260-04/r$aقم :$bمكتبة آية الله العظمى المرعشي النجفي،$c1409 [1988 or 1989]
=880  \0$6440-05/r$aمن مخطوطات مكتبة آية الله العظمى المرعشي العامة ؛$v27
=880  10$6600-06/r$aشريف الراضي، محمد بن الحسين،$d969 or 70-1016.$tنهج البلاغة.
=880  1\$6700-07/r$aدانشپچوه، محمد تقي.
=880  1\$6700-08/r$aمرعشي، محمود.
=998  \\$a11/28/90$s9114$nNjP$wNJPG90B53562$d11/28/90$cKVV$bKVV$i901128$lNJPG
=911  \\$a19921028
=912  \\$a19910104000000.0
=994  \\$aC0$bPUL
=999  \\$a614107
=852  00$0673372$brcppa$t1$hBP193.1.A3$iB394 1988$xtr fr nec
=959  \\$a2000-06-13 00:00:00 -0400

