=LDR  02515cam a2200517 a 4500
=001  614728
=003  NjP
=005  20190705141036.0
=008  901203s1985\\\\ir\\\\\\\b\\\\000\0\ara\d
=024  7\$aprinceton_aco003946$2local
=035  \\$a(CStRLIN)NJPG90-B54147
=035  \\$9ACV0845TS
=035  \\$a(NjP)614728
=040  \\$aNjP$cPUL$dPUL
=049  \\$aPULL
=035  \\$a(OCoLC)ocm83350337
=100  1\$6880-01$aKhūʼī, Abū al-Qāsim ibn ʻAlī Akbar,$d1899-
=240  10$6880-02$aKhums
=245  10$6880-03$aKitāb al-Khums :$bmuḥāḍarāt zaʻīm al-ḥawzah al-ʻilmīyah Āyat Allāh al-ʻUẓmá al-Sayyid Abū al-Qāsim al-Mūsawī al-Khūʼī ... /$c[taʼlīf Murtaḍá al-Burūjirdī].
=260  \\$6880-04$a[Qum] :$bLuṭfī,$c1394 [1985 or 1986]
=300  \\$a375 p. ;$c25 cm.
=490  1\$6880-05$aMustanad al-ʻUrwah al-wuthqá
=500  \\$aCover title.
=504  \\$aIncludes bibliographical references.
=600  10$6880-06$aṬabāṭabāʼī al-Yazdī, Muḥammad Kāẓim,$d-1919.$tʻUrwah al-wuthqá.
=650  \0$aIslamic law$xInterpretation and construction.$0http://id.loc.gov/authorities/subjects/sh85068455
=700  1\$6880-07$aBurūjirdī, Murtaḍá.
=740  0\$6880-08$aKhums.
=800  1\$6880-09$aKhūʼī, Abū al-Qāsim ibn ʻAlī Akbar,$d1899- .$tMustanad al-ʻUrwah al-wuthqá.
=880  1\$6100-01/r$aخوئي، ابو القاسم بن علي اكبر،$d1899-
=880  10$6240-02/r$aخمس
=880  10$6245-03/r$aكتاب الخمس :$bمحاضرات زعيم الحوزة العلمية آية الله العظمى السيد ابو القاسم الموسوي الخوئي ... /$c[تأليف مرتضى البروجردي].
=880  \\$6260-04/r$a[قم] :$bلطفي،$c1394 [1985 or 1986]
=880  1\$6490-05/r$aمستند العروة الوثقى
=880  14$6600-06/r$aطباطبائي اليزدي، محمد كاظم،$d-1919.$tعروة الوثقى.
=880  1\$6700-07/r$aبروجردي، مرتضى.
=880  0\$6740-08/r$aخمس.
=880  1\$6800-09/r$aخوئي، ابو القاسم بن علي اكبر،$d1899- .$tمستند العروة الوثقى.
=998  \\$a12/04/90$s9114$nNjP$wNJPG90B54147$d12/03/90$cJAB$bJAB$i901204$lNJPG
=911  \\$a19921028
=912  \\$a19980515040520.0
=994  \\$aC0$bPUL
=999  \\$a614728
=979  \\$a(OCoLC)ocn176031435
=852  00$0674104$brcppa$t1$hBP174.T333$iK4853 1985$xtr fr nec
=959  \\$a2000-06-13 00:00:00 -0400

