=LDR  02146cam a2200469 a 4500
=001  615908
=003  NjP
=005  20170605130130.0
=008  901206m19479999ir\\\\\\\\\\\\000\0\ara\d
=024  7\$aprinceton_aco003452$2local
=035  \\$a(OCoLC)83663988
=035  \\$a(OCoLC)ocn176038178
=035  \\$a(OCoLC)176038178
=035  \\$a(CStRLIN)NJPG90-B55225
=035  \\$9ACV2029TS
=035  \\$a(NjP)615908
=040  \\$aNjP$cPUL$dPUL
=049  \\$aPULL
=079  \\$aocm83663988$zocm31447223$zocm31447223$zocm31447223
=100  1\$6880-01$aKhūʼī, Abū al-Qāsim ibn ʻAlī Akbar,$d1899-
=240  10$6880-02$aAjwad al-taqrīrāt fī al-uṣūl
=245  13$6880-03$aal-Juzʼ al-thānī min Kitāb ajwad al-taqrīrāt fī al-uṣūl /$clil-ʻallāmah Abī al-Qāsim al-Khūʼī al-Gharawī.
=260  \\$6880-04$aṬihrān :$bMaktabat al-Būdharjumihrī al-Muṣṭafawī,$c1367- [1947 or 1948]-
=300  \\$av. ;$c25 cm.
=500  \\$aCover title.
=650  \0$aIslamic law$xInterpretation and construction.$0http://id.loc.gov/authorities/subjects/sh85068455
=740  0\$6880-05$aAjwad al-taqrīrāt fī al-uṣūl.
=740  0\$6880-06$aKitāb ajwad al-taqrīrāt fī al-uṣūl.
=880  1\$6100-01/r$aخوئي، ابو القاسم بن علي اكبر،$d1899-
=880  10$6240-02/r$aاجود التقريرات في الاصول
=880  12$6245-03/r$aالجزء الثاني من كتاب اجود التقريرات في الاصول /$cللعلامة ابي القاسم الخوئي الغروي.
=880  \\$6260-04/r$aطهران :$bمكتبة البوذرجمهري المصطفوي،$c1367- [1947 or 1948]
=880  0\$6740-05/r$aاجود التقريرات في الاصول.
=880  0\$6740-06/r$aكتاب اجود التقريرات في الاصول.
=998  \\$a12/07/90$s9114$nNjP$wNJPG90B55225$d12/06/90$cKVV$bKVV$i901207$lNJPG
=911  \\$a19921028
=912  \\$a19960126051445.0
=994  \\$aC0$bPUL
=999  \\$a615908
=852  81$0675487$brcppa$t1$hKBL$i.K585$xtr fr arab
=866  \0$0675487$80$ajuzʾ 2
=959  \\$a2000-06-13 00:00:00 -0400

