=LDR  01591cam a2200409 a 4500
=001  623091
=003  NjP
=005  20171018102504.0
=008  900301m19889999ir\\\\\\\b\\\f000\0\ara\d
=024  7\$aprinceton_aco002789$2local
=035  \\$a(OCoLC)ocn176057544
=040  \\$aNjP$cPUL$dPUL
=035  \\$a(OCoLC)176057544
=035  \\$a(CStRLIN)NJPG90-B9930
=035  \\$9ACV9232TS
=035  \\$a(NjP)623091
=079  \\$aocm61557344
=049  \\$aPULL
=100  1\$6880-01$aMiṣbāḥ Yazdī, Muḥammad Taqī.
=245  10$6880-02$aDurūs fī al-ʻaqīdah al-Islāmīyah /$ctaʼlīf Muḥammad Taqī Miṣbāḥ al-Yazdī.
=250  \\$6880-03$aal-Ṭabʻah al-ʻArabīyah 1.
=260  \\$6880-04$aṬihrān :$bMunaẓẓamat al-Iʻlām al-Islāmī,$c1988-
=300  \\$av. ;$c22 cm.
=504  \\$aIncludes bibliographical references.
=650  \0$aIslam$xDoctrines.$0http://id.loc.gov/authorities/subjects/sh85068396
=880  1\$6100-01/r$aمصباح يزدي، محمد تقي.
=880  10$6245-02/r$aدروس في العقيدة الاسلامية /$cتأليف محمد تقي مصباح اليزدي.
=880  \\$6250-03/r$aالطبعة العربية 1.
=880  \\$6260-04/r$aطهران :$bمنظمة الاعلام الاسلامي،$c1988-
=998  \\$a03/02/90$s9114$nNjP$wNJPG90B9930$d03/01/90$cJAB$bJAB$i900302$lNJPG
=911  \\$a19921028
=912  \\$a19910104000000.0
=994  \\$aC0$bPUL
=999  \\$a623091
=852  01$0683994$brcppa$t1$hBP166$i.M58$xtr fr arab
=866  \0$0683994$80$ajuzʾ 1
=959  \\$a2000-06-13 00:00:00 -0500

