=LDR  00876cam a2200289K  4500
=001  6408643
=003  NjP
=005  20110209120059.0
=008  880802s1957\\\\sy\\\\\\\\\\\\000\0\arard
=024  7\$aprinceton_aco002888$2local
=035  \\$a(OCoLC)ocm18300393
=040  \\$aWAU$cWAU$dOCLCG
=035  \\$a(OCoLC)18300393
=041  1\$aara$hurd
=090  \\$aBP161.2$b.M38 1957
=049  \\$aPULL
=100  1\$aMaudoodi, Syed Abul ʻAla,$d1903-1979.
=245  10$aMabādiʾ al-Islām.
=250  \\$aal-Ṭabʻah 2
=260  \\$aDamascus,$bMaktabat al-Shabāb al-Muslim$c[1957]
=300  \\$a144 p.
=490  0\$aDhakhāʾir al-Fikr al-Islāmī,$vv.1
=500  \\$aTranslated from Urdu into Arabic by Muḥammad ʻĀsim al-Ḥaddād.
=650  \0$aIslam.
=994  \\$aC0$bPUL
=852  0\$06394836$brcppa$hBP161.2$i.M38 1957$xtr fr nec
=959  \\$a2011-02-09 12:00:19 -0500

