=LDR  02169cam a2200445 a 4500
=001  648520
=003  NjP
=005  20170605130320.0
=008  910117s1929\\\\iq\\\\\\\\\\\\000\0\ara\d
=024  7\$aprinceton_aco003114$2local
=035  \\$a(OCoLC)23696582
=035  \\$a(OCoLC)ocn175469656
=035  \\$a(OCoLC)175469656
=035  \\$a(CStRLIN)NJPG91-B2599
=035  \\$9ACY4777TS
=035  \\$a(NjP)648520
=040  \\$aNjP$cPUL$dPUL
=049  \\$aPULL
=079  \\$aocm23696582
=100  1\$6880-01$aĀl Zāʼirdahām, Muḥammad Bāqir ibn Muḥammad.
=240  10$6880-02$aLuʼluʼah al-bahīyah fī al-ṣifāt al-ilāhīyah
=245  10$6880-03$aKitāb al-luʼluʼah al-bayīyah fī al-ṣifāt al-ilāhīyah /$cmin taṣānīf Muḥammad Bāqir ... Muḥammad Āl Zāʼirdahām ; wa-bi-hāmishihi baʻḍ al-taʻlīq la-hu ʻAbbūd al-Shaykh Jāsim.
=260  \\$6880-04$aal-ʻImārah [Iraq] :$bal-Maṭbaʻah al-ʻImārīyah,$c1348 [1929 or 1930]
=300  \\$a79 p. ;$c22 cm.
=650  \0$aGod (Islam)$xAttributes.$0http://id.loc.gov/authorities/subjects/sh85055571
=700  1\$6880-05$aShaykh Jāsim, ʻAbbūd.
=740  0\$6880-06$aLuʼluʼah al-bahīyah fī al-ṣifāt al-ilāhīyah.
=880  1\$6100-01/r$aآل زائردهام، محمد باقر بن محمد.
=880  10$6240-02/r$aلؤلؤة البهية في الصفات الالاهية
=880  10$6245-03/r$aكتاب اللؤلؤة البيية في الصفات الالاهية /$cمن تصانيف محمد باقر ... محمد آل زائردهام ؛ وبهامشه بعض التعليق له عبود الشيخ جاسم.
=880  \\$6260-04/r$aالعمارة [عراق] :$bالمطبعة العمارية،$c1348 [1929 or 1930]
=880  1\$6700-05/r$aشيخ جاسم، عبود.
=880  0\$6740-06/r$aلؤلؤة البهية في الصفات الالاهية.
=998  \\$a01/17/91$s9114$nNjP$d01/17/91$cJEB$bJEB$i910117$lNJPG
=911  \\$a19921028
=912  \\$a19910117000000.0
=994  \\$aC0$bPUL
=999  \\$a648520
=852  00$0715426$brcppa$t1$hBP166.2$i.A49$xtr fr arab
=959  \\$a2000-06-13 00:00:00 -0500

