=LDR  01469cam a2200397 a 4500
=001  692933
=003  NjP
=005  20190705141316.0
=008  910219s1947\\\\sy\a\\\\\\\\\\000\0\ara\d
=024  7\$aprinceton_aco003918$2local
=040  \\$aNjP$cPUL$dPUL
=035  \\$a(CStRLIN)NJPG91-B8289
=035  \\$9ADC9316TS
=035  \\$a(NjP)692933
=043  \\$aaw-----
=049  \\$aPULL
=035  \\$a(OCoLC)ocm23698147
=130  0\$6880-01$aMajallat al-marʼah.$pʻAdad al-mukhtār.
=245  00$6880-02$aMajallat al-marʼah.$pal-ʻAdad al-mukhtār.
=260  \\$6880-03$aDimashq :$bMajallat al-Marʼah,$c[1947?]
=300  \\$a213 p. :$bill. ;$c24 cm.
=500  \\$6880-04$aA supplement to the first year of Majallat al-marʼah.
=650  \0$aWomen$zMiddle East.
=651  \0$aArab countries$xHistory$y20th century.$0http://id.loc.gov/authorities/subjects/sh85006282
=880  0\$6130-01/r$aمجلة المرأة.$pعدد المختار.
=880  00$6245-02/r$aمجلة المرأة.$pالعدد المختار.
=880  \\$6260-03/r$aدمشق :$bمجلة المرأة،$c[1947؟]
=880  \\$6500-04/r$aA supplement to the first year of مجلة المرأة.
=998  \\$a02/19/91$s9114$nNjP$d02/19/91$cKVV$bKVV$i910219$lNJPG
=911  \\$a19921028
=912  \\$a19910219000000.0
=994  \\$aC0$bPUL
=999  \\$a692933
=979  \\$a(OCoLC)ocn175803730
=852  00$0773209$brcppa$t1$hHQ1793$i.M34$xtr fr arab
=959  \\$a2000-06-13 00:00:00 -0400

