=LDR  01109cam a2200313Ia 4500
=001  7010935
=003  NjP
=005  20190423191454.0
=008  870521s1927\\\\ua\\\\\\\\\\\\000\0\arar\
=024  7\$aprinceton_aco003658$2local
=035  \\$a(OCoLC)ocm15721949
=035  \\$a7010935
=066  \\$c(3
=035  \\$a(OCoLC)15721949
=050  \\$aD25$b.K47 1927
=049  \\$aPULL
=100  1\$6880-01$aKhabbāz, Ḥannā.
=245  13$6880-02$aal-Maʻārik al-fāṣilah fī al-tārīkh /$ctaʻlīf Ḥannā Khabbāz.
=260  \\$6880-03$aMiṣr :$bIdārat al-Hilāl,$c1927.
=300  \\$a216 p. :$bmaps, ports. ;$c20 cm.
=650  \0$aBattles.$0http://id.loc.gov/authorities/subjects/sh85012434
=880  1\$6100-01/(3/r$aخباز، حنا.
=880  12$6245-02/(3/r$aالمعارك الفاصلة في التاريخ /$cتعليف حنا خباز.
=880  \\$6260-03/(3/r$aمصر :$bادارة الهلال،$c1927.
=994  \\$aC0$bPUL
=904  \\$ajab$bg$hn$cb$e20120308
=902  \\$ajab$bo$dv$f1$e20120308
=852  0\$06898319$brcppa$hD25$i.K47 1927
=959  \\$a2012-03-08 13:28:32 -0400

