=LDR  02384cam a2200469Ia 4500
=001  7152798
=003  NjP
=005  20190517190251.0
=008  120810m18669999sy\\\\\\\\\\\\000\0\ara\d
=024  7\$aprinceton_aco003470$2local
=035  \\$a(OCoLC)ocn805763805
=035  \\$a7152798
=040  \\$aPUL$cPUL
=035  \\$a(OCoLC)805763805
=041  1\$aara$hspa
=050  \4$aBX2186$bP812
=079  \\$aocn805735281
=049  \\$aPULL
=100  1\$aPuente, Luis de la,$d1554-1624.$0http://id.loc.gov/authorities/names/n85335028
=240  10$aCompendio de las meditaciones del padre Luis de la Puente de la compañía de Jesús.$lArabic
=245  10$6880-01$aKitāb Taʼammulāt al-Anbā Luwīs al-Yasūʻī al-mulaqqab bi-al-Jasarī :$bwa-huwa thulthat ajzāʼ /$cistakhrajahu ilá al-lughah al-ʻArabīyah al-Bādirah Buṭrus Farmāj.
=246  30$6880-02$aTaʼammulāt al-Anbā Luwīs al-Yasūʻī al-mulaqqab bi-al-Jasarī
=260  \\$6880-03$aḤalab :$b[s.n.],$c1866-
=300  \\$av. ;$c28 cm.
=505  10$6880-04$gal-Juzʼ 1.$tFī al-ṣalawah al-ʻaqlīyah wa fī Allāh subḥānuh wa fī ṣifātihi al-iqnūmīyah.
=650  \0$aMeditations.$0http://id.loc.gov/authorities/subjects/sh85083220
=650  \0$aGod$xAttributes.$0http://id.loc.gov/authorities/subjects/sh85055519
=650  \0$aChristian life.$0http://id.loc.gov/authorities/subjects/sh85025095
=610  20$aCatholic Church$xDoctrines.$0http://id.loc.gov/authorities/subjects/sh85021103
=700  1\$6880-05$aFarmāj, Buṭrus.
=880  10$6245-01/r$aكتاب تأملات الانبا لويس اليسوعي الملقب بالجسري :$bوهو ثلثة اجزاء /$cاستخرجه الى اللغة العربية البادرة بطرس فرماج.
=880  30$6246-02/r$aتأملات الانبا لويس اليسوعي الملقب بالجسري
=880  \\$6260-03/r$aحلب :$b[د. ن.]،$c1866-
=880  10$6505-04/r$gالجزء 1.$tفي الصلوة العقلية و في الله سبحانه و في صفاته الاقنومية.
=880  1\$6700-05/r$aفرماج، بطرس.
=994  \\$aC0$bPUL
=902  \\$akc$bo$6a$7m$dv$f1$e20120810
=904  \\$akc$ba$hn$cb$e20120810
=852  0\$07017832$brcppa$hBX2186$i.P812
=866  \0$07017832$aJuzʾ 1
=866  \0$07017832$xDESIGNATOR: juzʾ
=959  \\$a2012-08-10 17:17:27 -0400

