=LDR  02291cam a2200517 a 4500
=001  735700
=003  NjP
=005  20171020080527.0
=008  920729s1983\\\\ir\\\\\\\b\\\\000\0\ara\d
=024  7\$aprinceton_aco002983$2local
=035  \\$a(OCoLC)ocn176443998
=035  \\$a(OCoLC)25461042
=035  \\$a735700
=040  \\$aNN$cPUL$dPUL
=035  \\$a(OCoLC)176443998
=035  \\$a(CStRLIN)NJPG92-B41232
=035  \\$9ADH2323TS
=035  \\$z735700
=035  \\$a(NjP)735700
=041  1\$aper$hara
=079  \\$aocm25461042
=049  \\$aPULL
=100  1\$6880-01$aAḥmadʹābādī, Muḥammad Taqī,$d1883 or 1884-1929 or 1930.$0http://id.loc.gov/authorities/names/nr92028710
=240  10$6880-02$aMikyāl al-makārim fī fawāʼid al-duʻāʼ lil-qāʼim.$lPersian
=245  10$6880-03$aMikyāl al-makārim fī fawāʼid al-duʻāʼ lil-qāʼim /$cMuḥammad Taqī Mūsawī Iṣfahānī ; tarjamah-i Mahdī Ḥāʼirī Qazvīnī.
=250  \\$6880-04$aChāp-i 1.
=260  \\$6880-05$a[Tehran?] :$bIntishārāt-i Badr,$c1403 [i.e. 1983]
=300  \\$a2 v. ;$c254 cm.
=500  \\$aIn Persian.
=504  \\$aIncludes bibliographical references.
=650  \0$aIslam$xCustoms and practices.$0http://id.loc.gov/authorities/subjects/sh87005732
=650  \0$aReligious life$xIslam.$0http://id.loc.gov/authorities/subjects/sh85112674
=650  \0$aIslamic ethics.$0http://id.loc.gov/authorities/subjects/sh85068451
=880  1\$6100-01/r$aاحمدابادي، محمد تقي،$d1883 or 1884-1929 or 1930.
=880  10$6240-02/r$aمكيال المكارم في فوائد الدعاء للقائم.$lPersian
=880  10$6245-03/r$aمكيال المكارم في فوائد الدعاء للقائم /$cمحمد تقي موسوي اصفهاني ؛ ترجمها مهدي حائري قزڤيني.
=880  \\$6250-04/r$aچاپا 1.
=880  \\$6260-05/r$a[طهران؟] :$bانتشاراتا بدر،$c1403 [i.e. 1983]
=911  \\$a19921028
=912  \\$a19920729000000.0
=998  \\$a07/29/92$s9114$nNjP$wNYPN92B228$d07/29/92$cJEB$bJEB$i920729$lNJPG
=994  \\$aC0$bPUL
=999  \\$a735700
=852  00$0828665$brcppa$t1$hBP174$i.A352127 1983$xtr fr anxa
=866  \0$0828665$ajild 1-2
=959  \\$a2000-06-13 00:00:00 -0500

