=LDR  01175cam a2200301 a 4500
=001  773894
=003  NjP
=005  20171024101229.0
=008  850625m19659999ir\\\\\\\\\\\\000|0\ara\d
=024  7\$aprinceton_aco002684$2local
=035  \\$a(OCoLC)27151804
=035  \\$a(CStRLIN)NJPG85-B16196
=035  \\$9ADQ7456TS
=035  \\$a773894
=040  \\$aNjP$cNjP
=100  2\$aṬabāṭabāʼī al-Yazdī,Ḥusayn.
=245  10$aTafsīr Āyāt al-aḥkām :$bwafq al-madhhab al-Jaʻfarī wa-al-madhāhib al-Arbaʻah /$cbi-qalam Ḥusayn al-Ṭabāṭabāʼī al-Yazdī al-Najafī.
=260  \\$aQum, Īrān :$bMaktabat al-Dāwudī,$c1385- [1965- ]$e(al-Najaf al-Ashraf :$fMaṭbaʻat al-Najaf)
=300  \\$av. ;$c24 cm.
=504  \\$aIncludes bibliographical references.
=630  00$aQurʼan$xCommentaries.
=650  \0$aIslamic law.$0http://id.loc.gov/authorities/subjects/sh85068454
=911  \\$a19921218
=912  \\$a19921207000000.0
=998  \\$a12/07/92$s9118$nNjP$wNJPG85B16196$d06/25/85$cKC$bKC$i921207$lNJPG
=852  01$0874184$brcppa$t1$hBP130.4$i.T322 1965$xtr fr anxa
=866  \0$0874184$80$aal-juzʾ 1
=959  \\$a2000-06-13 00:00:00 -0500

