=LDR  01634cam a2200385 a 4500
=001  774919
=003  NjP
=005  20190705141741.0
=008  921209s1924\\\\ua\\\\\\r\\\\\000\0\ara\d
=024  7\$aprinceton_aco003649$2local
=040  \\$aNjP$cPUL$dPUL
=035  \\$a(CStRLIN)NJPG92-B68237
=035  \\$9ADQ9259TS
=035  \\$a(NjP)774919
=049  \\$aPULL
=035  \\$a(OCoLC)ocm27152107
=245  00$6880-01$aInjīl Barnābā :$btafakuhat fī maʻraḍ al-dīn.
=250  \\$6880-02$aṬabʻah 3.
=260  \\$6880-03$aMiṣr :$bal-Maktabah al-Inklīzīyah,$c1924.
=300  \\$a60 p. ;$c22 cm.
=500  \\$6880-04$a"Majmūʻat fuṣūl intīqādīyah mabnīyah ʻalá ḥaqāʼiq rāhinah tufannidu aqwāl hadhā "al-Injīl" wa-tadḥadu daʻāwīh".
=533  \\$aPhotocopy.$b[Austin, TX] :$cBooklab, Inc.,$d1991.$7s1991    txun r
=630  00$aGospel of Barnabas$xCriticism, interpretation, etc.
=880  00$6245-01/r$aانجيل برنابا :$bتفكهة في معرض الدين.
=880  \\$6250-02/r$aطبعة 3.
=880  \\$6260-03/r$aمصر :$bالمكتبة الانكليزية،$c1924.
=880  \\$6500-04/r$a"مجموعة فصول انتيقادية مبنية على حقائق راهنة تفند اقوال هذا "الانجيل" وتدحد دعاويه".
=998  \\$a12/11/92$s9114$nNjP$wNJPG92B68237$d12/09/92$cJAB$bJAB$i921211$lNJPG
=911  \\$a19921218
=912  \\$a19921211000000.0
=994  \\$aC0$bPUL
=999  \\$a774919
=979  \\$a(OCoLC)ocn176690645
=852  00$0875549$brcppa$t1$hBS2860.B42$iI54 1924$xtr fr arab
=959  \\$a2000-06-13 00:00:00 -0400

