=LDR  01655cam a2200421 a 4500
=001  777898
=003  NjP
=005  20190705141845.0
=008  840323s1939\\\\le\\\\\\\b\\\\000\0\ara\d
=024  7\$aprinceton_aco003853$2local
=035  \\$a777898
=040  \\$aNjP$cPUL$dPUL
=035  \\$a(CStRLIN)NJPG84-B16638
=035  \\$9ADR5452TS
=035  \\$z777898
=035  \\$a(NjP)777898
=049  \\$aPULL
=035  \\$a(OCoLC)ocm27325577
=100  1\$6880-01$aIddih, Khalīl.
=245  10$6880-02$aHal yajūzu lil-Muslim an yaʻtabira al-masīḥī mushrikan aw kāfiran /$cbi-qalam Khalīl Iddih.
=260  \\$6880-03$aBayrūt :$bMaṭbaʻah al-Kāthūlīkīyah,$c1939.
=300  \\$a69 p. ;$c18 cm.
=440  \3$6880-04$aal-Masīḥīyah wa-al-Islām ;$v1
=500  \\$aTitle cover.
=650  \0$aIslam$xRelations$xChristianity.$0http://id.loc.gov/authorities/subjects/sh85068406
=650  \0$aChristianity and other religions$xIslam.$0http://id.loc.gov/authorities/subjects/sh85025266
=880  1\$6100-01/r$aاده، خليل.
=880  10$6245-02/r$aهل يجوز للمسلم ان يعتبر المسيحي مشركن او كافرن /$cبقلم خليل اده.
=880  \\$6260-03/r$aبيروت :$bمطبعة الكاثوليكية،$c1939.
=880  \3$6440-04/r$aالمسيحية والاسلام ؛$v1
=911  \\$a19930125
=912  \\$a19960305052918.0
=998  \\$a01/14/93$s9118$nNjP$wNJPG84B16638$d03/23/84$cJAB$bJEB$i930114$lNJPG
=994  \\$aC0$bPUL
=999  \\$a777898
=979  \\$a(OCoLC)ocn176701345
=852  00$0878952$brcppa$t1$hBP172$i.Y378 1939$xtr fr nec
=959  \\$a2000-06-13 00:00:00 -0400

