=LDR  01542cam a2200433 a 4500
=001  777921
=003  NjP
=005  20190705141846.0
=008  850325q19801985ir\\\\\\\\\\\\000\0\ara\d
=024  7\$aprinceton_aco003901$2local
=035  \\$a777921
=035  \\$a(CStRLIN)NJPG85-B6777
=035  \\$9ADR5513TS
=035  \\$z777921
=035  \\$a(NjP)777921
=040  \\$aNjP$cPUL$dPUL
=049  \\$aPULL
=035  \\$a(OCoLC)ocm27274737
=100  1\$6880-01$aAnṣārī, Murtaḍʹa ibn Muḥammad Amīn,$d1799 or 1800-1864.
=240  10$6880-02$aṢalāh
=245  10$6880-03$aKitāb al-ṣalāh /$ctaʼlīf Murtaḍʹa al-Anṣārī.
=260  \\$6880-04$aQum :$bal-Rasūl al-Muṣṭafʹa,$c[198-?]
=300  \\$a442 p. ;$c25 cm.
=500  \\$aCover title.
=650  \0$aPrayer$xIslam.$0http://id.loc.gov/authorities/subjects/sh85106123
=740  0\$6880-05$aṢalāh.
=880  1\$6100-01/r$aانصاري، مرتض بن محمد امين،$d1799 or 1800-1864.
=880  10$6240-02/r$aصلاه
=880  10$6245-03/r$aكتاب الصلاة /$cتأليف مرتض الانصاري.
=880  \\$6260-04/r$aقم :$bالرسول المصطف،$c[198-؟]
=880  0\$6740-05/r$aصلاه.
=911  \\$a19930128
=912  \\$a19930120000000.0
=998  \\$a01/20/93$s9118$nNjP$wNJPG85B6777$d03/25/85$cJAB$bMT$i930120$lNJPG
=994  \\$aC0$bPUL
=999  \\$a777921
=979  \\$a(OCoLC)ocn176701424
=852  00$0878977$brcppa$t1$hBP184.3$i.A573 1980z$xTR FR ARAB$xtr fr nec
=959  \\$a2000-06-13 00:00:00 -0400

