=LDR  01049cam a2200289 a 4500
=001  780886
=003  NjP
=005  20170619131220.0
=008  930114s1886\\\\ua\\\\\\\\\\\\000\0\ara\d
=024  7\$aprinceton_aco003104$2local
=035  \\$a(OCoLC)27325776
=035  \\$a(CStRLIN)NJPG93-B2747
=035  \\$9ADS0075TS
=035  \\$a780886
=040  \\$aNjP$cNjP
=100  1\$aKuraydī, Ibrāhīm Adʹham ibn Muḥammad.
=245  10$aSharḥ al-Ilhāmī min al-Fayḍ al-Ilhāmī /$clil-ʻālim Ibrāhīm Adʹham ibn Muḥammad al-Kuraydī.
=250  \\$aal-Ṭabʻah 1.
=260  \\$aBūlāq, Miṣr :$bal-Maṭbaʻah al-Kubrá al-Amīrīyah,$c1304 [1886 or 1887]
=300  \\$a32 p. ;$c21 cm.
=600  10$aḤarbī, ʻAlī.$tIlhāmī.
=650  \0$aSufism.$0http://id.loc.gov/authorities/subjects/sh85129660
=911  \\$a19930125
=912  \\$a19930114000000.0
=998  \\$a01/14/93$s9114$nNjP$d01/14/93$cJEB$bJEB$i930114$lNJPG
=852  00$0882550$brcppa$t1$hBP188.9$i.K872 1886$xtr fr arab
=959  \\$a2000-06-13 00:00:00 -0500

