=LDR  01605cam a2200421 a 4500
=001  781342
=003  NjP
=005  20171024101757.0
=008  840126s1981\\\\ir\\\\\\\b\\\f000\0\ara\d
=024  7\$aprinceton_aco003047$2local
=035  \\$a(OCoLC)ocn176713535
=035  \\$a781342
=040  \\$aNjP$cPUL$dPUL
=035  \\$a(OCoLC)176713535
=035  \\$a(CStRLIN)NJPG84-B4810
=035  \\$9ADS0883TS
=035  \\$z781342
=035  \\$a(NjP)781342
=079  \\$aocm27401592
=049  \\$aPULL
=100  1\$6880-01$aBaqqāl, ʻAbd al-Ḥusayn Muḥammad ʻAlī.
=245  13$6880-02$aal-Imāmah ḥattá wilāyat al-faqīh /$cʻAbd al-Ḥusayn Muḥammad ʻAlī Baqqāl.
=250  \\$6880-03$aal-Ṭabʻah 1.
=260  \\$6880-04$aṬihrān :$bWizārat al-Irshād al-Islāmī,$c1402 [1981]
=300  \\$a90 p. ;$c22 cm.
=504  \\$aIncludes bibliographical references.
=650  \0$aImamate$xEarly works to 1800.$0http://id.loc.gov/authorities/subjects/sh2009126762
=880  1\$6100-01/r$aبقال، عبد الحسين محمد علي.
=880  12$6245-02/r$aالامامة حتى ولاية الفقيه /$cعبد الحسين محمد علي بقال.
=880  \\$6250-03/r$aالطبعة 1.
=880  \\$6260-04/r$aطهران :$bوزارة الارشاد الاسلامي،$c1402 [1981]
=911  \\$a19930128
=912  \\$a19930119000000.0
=998  \\$a01/19/93$s9118$nNjP$wNJPG84B4810$d01/26/84$cJAB$bJAB$i930119$lNJPG
=994  \\$aC0$bPUL
=999  \\$a781342
=852  00$0883062$brcppa$t1$hBP166.94$i.B366 1981$xtr fr arab
=959  \\$a2000-06-13 00:00:00 -0500

