=LDR  01575cam a2200409 a 4500
=001  784689
=003  NjP
=005  20171024102019.0
=008  840306s1953\\\\sy\\\\\\\\\\\\000\0\ara\d
=024  7\$aprinceton_aco002771$2local
=035  \\$a(OCoLC)ocn176725270
=035  \\$a784689
=040  \\$aNjP$cPUL$dPUL
=035  \\$a(OCoLC)176725270
=035  \\$a(CStRLIN)NJPG84-B13103
=035  \\$9ADS8027TS
=035  \\$z784689
=035  \\$a(NjP)784689
=079  \\$aocm27443603
=049  \\$aPULL
=100  1\$6880-01$aAbū Rīmah, Muḥammad al-Maḥmud al-Najjār.
=245  10$6880-02$aHidāyat al-mustafīd fī aḥkām al-tajwīd /$ctaʼlīf Muḥammad al-Maḥmūd al-mashhūr bi-Abī Rīmah.
=250  \\$6880-03$aal-Ṭabʻah 2.
=260  \\$6880-04$aḤalab :$bMaktabat al-Wafāʼ,$c1373 [1953].
=300  \\$a40 p. ;$c22 cm.
=630  00$aQurʼan$xRecitation.$0http://id.loc.gov/authorities/subjects/sh85072984
=880  1\$6100-01/r$aابو ريمة، محمد المحمد النجار.
=880  10$6245-02/r$aهداية المستفيد في احكام التجويد /$cتأليف محمد المحمود المشهور بابي ريمة.
=880  \\$6250-03/r$aالطبعة 2.
=880  \\$6260-04/r$aحلب :$bمكتبة الوفاء،$c1373 [1953].
=911  \\$a19930311
=912  \\$a19930202000000.0
=998  \\$a02/02/93$s9118$nNjP$wNJPG84B13103$d03/06/84$cJAB$bJAB$i930202$lNJPG
=994  \\$aC0$bPUL
=999  \\$a784689
=852  00$0886884$brcppa$t1$hBP131.6$i.H522 1953$xtr fr arab
=959  \\$a2000-06-13 00:00:00 -0500

