=LDR  01267cam a2200289 a 4500
=001  799548
=003  NjP
=005  20170605125908.0
=008  930406m19609999ir\\\\\\\\\\\\00010\ara\d
=024  7\$aprinceton_aco003384$2local
=035  \\$a(OCoLC)27946515
=035  \\$a(CStRLIN)NJPG93-B19179
=035  \\$9ADW8969TS
=040  \\$aNjP$cNjP
=100  1\$aShīrāzī, Muḥammad al-Mahdī al-Ḥusaynī,$d1928 or 9-
=245  13$aal-Fiqh :$bwa-huwá sharḥ istidlālī ʻalá kitāb al-ʻUrwah al-wuthqá li-Āyat Allāh al-faqīd al-Sayyid Muḥammad Kāẓim al-Ṭabāṭabāʼī al-Yazdī ... /$cbi-qalam Muḥammad al-Ḥusaynī al-Shīrāzī.
=260  \\$aQum :$bChāpkhānah-i Pīrūz,$c[196-]-
=300  \\$av. ;$c24 cm.
=505  1\$a[1] Kitāb al-ṣalāh ( v.).
=650  \0$aShīʻah$xCustoms and practices.$0http://id.loc.gov/authorities/subjects/sh85121428
=600  10$aṬabāṭabāʼī al-Yazdī, Muḥammad Kāẓim,$d-1919.$tʻUrwah al-wuthqá.
=998  \\$a04/06/93$s9114$nNjP$d04/06/93$cJEB$bJEB$i930406$lNJPG
=911  \\$a19930416
=912  \\$a19980515040502.0
=852  01$0905404$brcppa$t1$hBP194.2.T4$iS4 1960z$xtr fr arab
=866  \0$0905404$80$amujallad 1, juzʾ 1
=959  \\$a2000-06-13 00:00:00 -0400

