=LDR  01515cam a2200349 a 4500
=001  799824
=003  NjP
=005  20170605125727.0
=008  930407m19839999ir\\\\\\\b\\\\00010\ara\d
=024  7\$aprinceton_aco003565$2local
=035  \\$a(OCoLC)27946905
=035  \\$a(CStRLIN)NJPG93-B19509
=035  \\$9ADW9246TS
=035  \\$a799824
=040  \\$aNjP$cNjP
=100  2\$aFāz̤il Lankarānī, Muḥammad.
=240  10$aTafṣīl al-sharīʻah fī sharḥ Taḥrīr al-wasīlah
=245  10$aAḥkām al-takhallī wa-al-wuḍūʾ min kitāb Tafṣīl al-sharīʻah fī sharḥ Taḥrīr al-wasīlah /$cbi-qalam Muḥammad al-Muwaḥḥidī al-Lankarānī al-shahīr bi-al-Fāḍil.
=260  \\$aQum :$bJāmiʻat al-Mudarrisīn fī al-Ḥawzah al-ʻIlmīyah,$c1403- [1983- ]
=300  \\$av. ;$c25 cm.
=500  \\$aVol. title preceeds title on title pages.
=504  \\$aIncludes bibliographical references.
=505  1\$aal-juzʾ 3. Aḥkām al-takhallī wa-al-wuḍūʾ.
=600  10$aKhomeini, Ruhollah.$tTaḥrīr al-wasīlah.
=650  \0$aIslamic law$xInterpretation and construction.$0http://id.loc.gov/authorities/subjects/sh85068455
=740  0\$aTafṣīl al-sharīʻah fī sharḥ Taḥrīr al-wasīlah.
=911  \\$a19930416
=912  \\$a19930407000000.0
=998  \\$a04/07/93$s9114$nNjP$d04/07/93$cJEB$bJEB$i930407$lNJPG
=852  81$0905696$brcppa$t1$hKBL$i.F3252 1983$xtr fr arab
=866  \0$0905696$80$ajuzʾ 3
=959  \\$a2000-06-13 00:00:00 -0400

