=LDR  01165cam a2200289 a 4500
=001  807561
=003  NjP
=005  20171024103503.0
=008  930511q19001993sy\\\\\\\\\\\\000\0\ara\d
=024  7\$aprinceton_aco002832$2local
=035  \\$a(OCoLC)28144108
=035  \\$a(CStRLIN)NJPG93-B26304
=035  \\$9ADY5783TS
=040  \\$aNjP$cNjP
=100  1\$aSharīf, Ḥikmat,$d-1948.$0http://id.loc.gov/authorities/names/n84139069
=240  10$aBānat Suʻād
=245  10$aSaʻādat al-miʻād fī mukhtaṣar sharḥ Bānat Suʻād /$cbi-qalam kātibihā wa-muṣaḥiḥihā Ḥikmat Bik Sharīf.
=260  \\$aṬarābulūs :$bal-Maktabah al-Rifāʻīyah,$c[19--]
=300  \\$a34 p. ;$c21 cm.
=533  \\$aPhotocopy.$bPrinceton, NJ :$cPrinceton University Photo Services,$d1991.
=600  00$aKaʻb ibn Zuhayr.$tBānat Suʻād.$0http://id.loc.gov/authorities/names/n85231273
=740  0\$aBānat Suʻād.
=998  \\$a05/18/93$s9114$nNjP$wNJPG93B26304$d05/11/93$cJAB$bJAB$i930518$lNJPG
=911  \\$a19930527
=912  \\$a19930518000000.0
=852  00$0915824$brcppa$t1$hPJ7700.K2$iB3382 1900z$xtr fr arab
=959  \\$a2000-06-13 00:00:00 -0500

