=LDR  02817cam a2200505 a 4500
=001  812194
=003  NjP
=005  20171024103755.0
=008  930604q19801989ir\a\\\\\b\\\\001\0\ara\d
=024  7\$aprinceton_aco003608$2local
=035  \\$a(OCoLC)ocn176820785
=035  \\$a(OCoLC)28263867
=040  \\$aNjP$cPUL$dPUL
=035  \\$a(OCoLC)176820785
=035  \\$a(CStRLIN)NJPG93-B30801
=035  \\$9ADZ3956TS
=035  \\$a(NjP)812194
=079  \\$aocm28263867
=049  \\$aPULL
=100  1\$6880-01$aSharaf al-Dīn, ʻAbd al-Ḥusayn.
=245  13$6880-02$aal-Murājaʻāt :$babḥāth jadīdah fī uṣūl al-madhhab wa-al-imāmah al-ʻāmmah : wa-hiya rasāʼil mutabādalah bayna al-ustādh al-akbar al-Shaykh Salīm al-Bishrī Shaykh al-Jāmiʻ al-Azhar wa-bayna al-Imām Sharaf al-Dīn al-ʻĀmilī /$cʻAbd al-Ḥusayn Sharaf al-Dīn ; qaddama la-hu Ḥāmid Ḥifnī Dāwūd wa-Muḥammad Fikrī ʻUthmān Abū al-Naṣr ; taḥqīq Huṣayn al-Rāḍī.
=260  \\$6880-03$aal-Jumhūrīyah al-Islāmīyah fī Īrān :$bal-Majmaʻ al-ʻĀlamī li-Ahl al-Bayt,$c[198-?]
=300  \\$a16, 471 p. :$bill. ;$c22 cm.
=504  \\$aIncludes bibliographical references and index.
=650  \0$6880-04$aShīʻah.$0http://id.loc.gov/authorities/subjects/sh85121390
=600  10$6880-05$aSharaf al-Dīn, ʻAbd al-Ḥusayn$xCorrespondence.
=600  10$6880-06$aBishrī, Salīm$xCorrespondence.
=650  \0$aShiites$xCorrespondence.
=700  1\$6880-07$aRāḍī, Ḥusayn.
=700  1\$6880-08$aBishrī, Salīm.
=880  1\$6100-01/r$aشرف الدين، عبد الحسين.
=880  12$6245-02/r$aالمراجعات :$bابحاث جديدة في اصول المذهب والامامة العامة : وهي رسائل متبادلة بين الاستاذ الاكبر الشيخ سليم البشري شيخ الجامع الاچر وبين الامام شرف الدين العاملي /$cعبد الحسين شرف الدين ؛ قدم له حامد حفني داوود ومحمد فكري عثمان ابو النصر ؛ تحقيق هصين الراضي.
=880  \\$6260-03/r$aالجمهورية الاسلامية في ايران :$bالمجمع العالمي لاهل البيت،$c[198-؟]
=880  \0$6650-04/r$aشيعة.
=880  10$6600-05/r$aشرف الدين، عبد الحسين$xCorrespondence.
=880  10$6600-06/r$aبشري، سليم$xCorrespondence.
=880  1\$6700-07/r$aراضي، حسين.
=880  1\$6700-08/r$aبشري، سليم.
=998  \\$a06/04/93$s9114$nNjP$d06/04/93$cJEB$bJEB$i930604$lNJPG
=911  \\$a19930610
=912  \\$a19930604000000.0
=994  \\$aC0$bPUL
=999  \\$a812194
=852  00$0921130$brcppa$t1$hBP194$i.S45 1980z$xtr fr arab
=959  \\$a2000-06-13 00:00:00 -0400

