=LDR  02003cam a2200421 a 4500
=001  819791
=003  NjP
=005  20171024104151.0
=008  930707s1989\\\\ir\\\\\\\b\\\\000\0\ara\d
=024  7\$aprinceton_aco002991$2local
=035  \\$a(OCoLC)ocn176203325
=035  \\$a(OCoLC)28518071
=040  \\$aNjP$cPUL$dPUL
=035  \\$a(OCoLC)176203325
=035  \\$a(CStRLIN)NJPG93-B37295
=035  \\$9AEA9593TS
=035  \\$a(NjP)819791
=079  \\$aocm28518071
=049  \\$aPULL
=100  0\$6880-01$aʻAlī al-Hādī,$d828?-868.$0http://id.loc.gov/authorities/names/n85307245
=245  10$6880-02$aMusnad al-Imām al-Hādī, Abī al-Ḥasan ʻAlī ibn Muḥammad, ʻalayhimā al-salām /$cjamaʻahu wa-rattabahu ʻAzīz Allāh al-ʻAṭāridī.
=260  \\$6880-03$aQum :$bal-Muʼtamar al-ʻĀlamī lil-Imām al-Riḍā, ʻAlayhi al-Salām,$c1410 [1989 or 1990]
=300  \\$a400 p. ;$c25 cm.
=504  \\$aIncludes bibliographical references (p. [381]-384).
=650  \0$aHadith$xEarly works to 1800.$0http://id.loc.gov/authorities/subjects/sh86008156
=650  \0$aHadith$xAuthorities$xEarly works to 1800.$0http://id.loc.gov/authorities/subjects/sh2008105461
=700  1\$6880-04$aʻAṭāridī al-Khabūshānī, ʻAzīz Allāh.
=880  0\$6100-01/r$aعلي الهادي،$d828?-868.
=880  10$6245-02/r$aمسند الامام الهادي، ابي الحسن علي بن محمد، عليهما السلام /$cجمعه ورتبه عزيز الله العطاردي.
=880  \\$6260-03/r$aقم :$bالمؤتمر العالمي للامام الرضا، عليه السلام،$c1410 [1989 or 1990]
=880  1\$6700-04/r$aعطاردي الخبوشاني، عزيز الله.
=998  \\$a07/07/93$s9114$nNjP$d07/07/93$cJEB$bJEB$i930707$lNJPG
=911  \\$a19930715
=912  \\$a19960722042207.0
=994  \\$aC0$bPUL
=999  \\$a819791
=852  00$0931567$brcppa$t1$hBP193.2.A2$iM876 1989$xtr fr arab
=959  \\$a2000-06-13 00:00:00 -0500

