=LDR  01248cam a2200301 a 4500
=001  820215
=003  NjP
=005  20171024104211.0
=008  930709s1990\\\\ir\a\\\\\\\\\\00110\ara\d
=024  7\$aprinceton_aco003578$2local
=035  \\$a(OCoLC)28518671
=035  \\$a(CStRLIN)NJPG93-B37734
=035  \\$9AEB0019TS
=040  \\$aNjP$cNjP
=130  0\$aṢaḥīfah al-kāmilah$0http://id.loc.gov/authorities/names/n88292008
=245  13$aal-Ṣaḥīfah al-sajjādīyah al-jāmiʻah li-adʻīyah /$cʻAlī ibn al-Ḥusayn.
=250  \\$aal-Ṭabʻah 1.
=260  \\$aQum :$bMuʼassasat al-Imām al-Mahdī,$c1411 [1990]
=300  \\$a866 p., [1] folded leaf :$bill. ;$c25 cm.
=500  \\$aIncludes indexes.
=650  \0$aShīʻah$vPrayers and devotions$vEarly works to 1800.
=700  0\$aʻAlī ibn Abī Ṭālib,$cCaliph,$dapproximately 600-661.$0http://id.loc.gov/authorities/names/n50039100
=700  0\$aZayn al-ʻĀbidīn ʻAlī ibn al-Ḥusayn,$d-710?$0http://id.loc.gov/authorities/names/n84007864
=998  \\$a07/09/93$s9114$nNjP$d07/09/93$cJEB$bJEB$i930709$lNJPG
=911  \\$a19930715
=912  \\$a19990527062501.0
=852  00$0932046$brcppa$t1$hBP194.9.P7$iS245 1990$xtr fr nec
=959  \\$a2000-06-13 00:00:00 -0400

