=LDR  01542cam a2200361 a 4500
=001  822486
=003  NjP
=005  20171024104329.0
=008  930721s1909\\\\tu\\\\\\\\\\\\000\0\ara\d
=024  7\$aprinceton_aco002828$2local
=035  \\$a(OCoLC)ocn176217948
=040  \\$aNjP$cPUL$dPUL
=035  \\$a(OCoLC)176217948
=035  \\$a(CStRLIN)NJPG93-B39524
=035  \\$9AEB5982TS
=035  \\$a(NjP)822486
=079  \\$aocm28545231
=049  \\$aPULL
=245  00$6880-01$aHādhā huwa al-balāgh al-mubīn alladhī buligha min qabl al-mashyakah al-Islāmīyah ilá ḥaḍrāt al-nūwāb wa-al-qaḍāh wa-al-ʻulamāʼ al-rāsikhīn wa-al-mashāyikh al-ʻārifīn.
=260  \\$6880-02$aIstānbūl :$bMaṭbaʻat Akhwat,$c1327 [1909 or 1910]
=300  \\$a13 p. ;$c24 cm.
=500  \\$aCover title.
=500  \\$aErrata slip inserted.
=650  \0$aIslam$y20th century.$0http://id.loc.gov/authorities/subjects/sh85068392
=880  00$6245-01/r$aهذا هو البلاغ المبين الذي بلغ من قبل المشيكة الاسلامية الى حضرات النواب والقضاه والعلماء الراسخين والمشايخ العارفين.
=880  \\$6260-02/r$aاستانبول :$bمطبعة اخوة،$c1327 [1909 or 1910]
=998  \\$a07/21/93$s9114$nNjP$d07/21/93$cJEB$bJEB$i930721$lNJPG
=911  \\$a19930731
=912  \\$a19930721000000.0
=994  \\$aC0$bPUL
=999  \\$a822486
=852  00$0935055$brcppa$t1$hBP161$i.H323 1909$xtr fr arab
=959  \\$a2000-06-13 00:00:00 -0500

