=LDR  02056cam a2200397 a 4500
=001  823760
=003  NjP
=005  20171024104409.0
=008  930726q19701979ir\a\\\\\\\\\\000\0\ara\d
=024  7\$aprinceton_aco003546$2local
=035  \\$a(OCoLC)ocn176224273
=040  \\$aNjP$cPUL$dPUL
=035  \\$a(OCoLC)176224273
=035  \\$a(CStRLIN)NJPG93-B40505
=035  \\$9AEB8729TS
=035  \\$a(NjP)823760
=079  \\$aocm28578907
=049  \\$aPULL
=245  00$6880-01$aḤadīth al-Imām al-Sayyid Sharīʻat madārī maʻa al-muftī al-ʻāmm lil-Jumhūrīyah al-ʻArabīyah al-Sūrīyah wa-wafd Rābiṭat al-ʻĀlam al-Islāmī.
=260  \\$6880-02$aQum, Īrān :$bal-Qism al-ʻArabī fī Dār al-Tablīgh al-Islāmī,$c[197-?]
=300  \\$a45 p. :$bill. ;$c24 cm.
=440  \0$6880-03$aFī ṭarīq al-waḥdah al-Islāmīyah ;$v3
=500  \\$aTitle from cover: Ziyārat al-muftī al-ʻāmm lil-diyār al-Shāmīyah wa-wafd Rābiṭat al-ʻĀlam al-Islāmī lil-Jāmiʻah al-ʻIlmīyah fī Qum al-muqaddasah.
=650  \0$aShīʻah$xRelations.$0http://id.loc.gov/authorities/subjects/sh2012000823
=650  \0$aPanislamism$xMiscellanea.
=740  0\$aZiyārat al-muftī al-ʻāmm lil-diyār al-Shāmīyah wa-wafd Rābiṭat al-ʻĀlam al-Islāmī lil-Jāmiʻah al-ʻIlmīyah fī Qum al-muqaddasah.
=880  00$6245-01/r$aحديث الامام السيد شريعة مداري مع المفتي العام للجمهورية العربية السورية ووفد رابطة العالم الاسلامي.
=880  \\$6260-02/r$aقم، ايران :$bالقسم العربي في دار التبليغ الاسلامي،$c[197-؟]
=880  \0$6440-03/r$aفي طريق الوحدة الاسلامية ؛$v3
=998  \\$a07/26/93$s9114$nNjP$d07/26/93$cJEB$bJEB$i930726$lNJPG
=911  \\$a19930805
=912  \\$a19930726000000.0
=994  \\$aC0$bPUL
=999  \\$a823760
=852  00$0936631$brcppa$t1$hBP194.15$i.H324 1970z$xtr fr arab
=959  \\$a2000-06-13 00:00:00 -0400

