=LDR  01453cam a2200397 a 4500
=001  823893
=003  NjP
=005  20171024104415.0
=008  930727s1983\\\\ir\\\\\\\b\\\\000\0dara\d
=024  7\$aprinceton_aco003265$2local
=035  \\$a(OCoLC)ocn176224882
=040  \\$aNjP$cPUL$dPUL
=035  \\$a(OCoLC)176224882
=035  \\$a(CStRLIN)NJPG93-B40651
=035  \\$9AEB8862TS
=035  \\$a(NjP)823893
=079  \\$aocm28579312
=049  \\$aPULL
=245  03$6880-01$aal-Imām al-Kāẓim, ʻalayhi al-salām.
=250  \\$6880-02$aal-Ṭabʻah 1.
=260  \\$6880-03$aJumhūrīyat Īrān al-Islāmīyah :$bDār al-Tawḥīd,$c1983.
=300  \\$a143 p. ;$c17 cm.
=440  \0$aAhl al-bayt ;$v9
=504  \\$aIncludes bibliographical references.
=600  00$6880-04$aMūsá al-Kāẓim ibn Jaʻfar,$d745?-799.$0http://id.loc.gov/authorities/names/n85235881
=880  02$6245-01/r$aالامام الكاظم، عليه السلام.
=880  \\$6250-02/r$aالطبعة 1.
=880  \\$6260-03/r$aجمهورية ايران الاسلامية :$bدار التوحيد،$c1983.
=880  00$6600-04/r$aموسى الكاظم بن جعفر،$d745؟799.
=998  \\$a07/27/93$s9114$nNjP$d07/27/93$cJEB$bJEB$i930727$lNJPG
=911  \\$a19930805
=912  \\$a19930727000000.0
=994  \\$aC0$bPUL
=999  \\$a823893
=852  00$0936832$brcppa$t1$hBP193.17.A3$iI425 1983$xtr fr arab
=959  \\$a2000-06-13 00:00:00 -0400

