=LDR  00943cam a2200265 a 4500
=001  836343
=003  NjP
=005  20171025085910.0
=008  930921s1950\\\\iq\\\\\\\\\\\\00010\ara\d
=024  7\$aprinceton_aco002774$2local
=035  \\$a(OCoLC)28930949
=035  \\$a(CStRLIN)NJPG93-B51324
=035  \\$9AEE4276TS
=040  \\$aNjP$cNjP
=100  1\$aShahrastānī, Hibat al-Dīn al-Ḥusaynī.
=245  13$aal-Muʻjizah al-khālidah /$cHibat al-Dīn al-Ḥusaynī al-Shahrastānī.
=260  \\$aBaghdād :$bMaṭbaʻat al-Najāḥ,$c1950.
=300  \\$a132 p. ;$c17 cm.
=440  \0$aḤadīth al-shahr ;$v8
=630  00$aQurʼan$xEvidences, authority, etc.$0http://id.loc.gov/authorities/subjects/sh85072965
=998  \\$a09/21/93$s9114$nNjP$d09/21/93$cJAB$bJAB$i930921$lNJPG
=911  \\$a19930930
=912  \\$a19930921000000.0
=852  00$0952297$brcppa$t1$hBP130.7$i.S237 1950$xtr fr anxa
=959  \\$a2000-06-13 00:00:00 -0500

