=LDR  02460cam a2200505 a 4500
=001  836445
=003  NjP
=005  20170605130215.0
=008  930922s1988\\\\ir\\\\\\\\\\\\000\0\ara\d
=024  7\$aprinceton_aco003410$2local
=035  \\$a(OCoLC)28930987
=035  \\$a(OCoLC)ocn176281225
=035  \\$a(OCoLC)176281225
=035  \\$a(CStRLIN)NJPG93-B51445
=035  \\$9AEE4381TS
=035  \\$a(NjP)836445
=040  \\$aNjP$cPUL$dPUL
=049  \\$aPULL
=079  \\$aocm28930987
=100  1\$6880-01$aKūhʹkamarī, Muḥammad al-Ḥujjah,$d1892 or 1893-1952 or 1953.$0http://id.loc.gov/authorities/names/nr92018453
=240  10$6880-02$aBayʻ
=245  10$6880-03$aKitāb al-bayʻ :$btaqrīr baḥth Āyat Allāh al-ʻUẓmá al-Sayyid Muḥammad al-Ḥujjah al-Kūhʹkamarī. Maʻa taʻlīqāt hāmmah wa-Risālat ḥujjīyat al-shuhrah / Abī Ṭālib al-Tajlīl al-Tabrīzī.
=250  \\$6880-04$aal-Ṭabʻah 2.
=260  \\$6880-05$aQum :$bMuʼassasat al-Nashr al-Islāmī al-tābiʻah li-Jamāʻat al-Mudarrisīn,$c1409 [1988 or 1989]
=300  \\$a472 p. ;$c25 cm.
=500  \\$a"478."
=650  \0$aCommercial law (Islamic law)$0http://id.loc.gov/authorities/subjects/sh85028946
=700  12$6880-06$aTabrīzī, Abū Ṭālib Tajlīl.$tRisālat ḥujjīyat al-shuhrah.$f1988.
=740  0\$6880-07$aBayʻ.
=740  0\$6880-08$aRisālat ḥujjīyat al-shuhrah.
=880  1\$6100-01/r$aكوهكمري، محمد الحجة،$d1892 or 1893-1952 or 1953.
=880  10$6240-02/r$aبيع
=880  10$6245-03/r$aكتاب البيع :$bتقرير بحث آية الله العظمى السيد محمد الحجة الكوهكمري. مع تعليقات هامة ورسالة حجية الشهرة / ابي طالب التجليل التبريزي.
=880  \\$6250-04/r$aالطبعة 2.
=880  \\$6260-05/r$aقم :$bمؤسسة النشر الاسلامي التابعة لجماعة المدرسين،$c1409 [1988 or 1989]
=880  12$6700-06/r$aتبريزي، ابو طالب تجليل.$tرسالة حجية الشهرة.$f1988.
=880  0\$6740-07/r$aبيع.
=880  0\$6740-08/r$aرسالة حجية الشهرة.
=998  \\$a09/22/93$s9114$nNjP$d09/22/93$cJEB$bJEB$i930922$lNJPG
=911  \\$a19930930
=912  \\$a19930922000000.0
=994  \\$aC0$bPUL
=999  \\$a836445
=852  80$0952405$brcppa$t1$hKBL$i.K834 1988$xtr fr arab
=959  \\$a2000-06-13 00:00:00 -0400

