=LDR  01251cam a2200301 a 4500
=001  846259
=003  NjP
=005  20171025090747.0
=008  931105s1988\\\\ir\a\\\\\b\\\\000\0\ara\d
=024  7\$aprinceton_aco003959$2local
=035  \\$a(OCoLC)29325512
=035  \\$a(CStRLIN)NJPG93-B60809
=035  \\$9AEG5684TS
=040  \\$aNjP$cNjP
=100  2\$aNajafī al-Iṣfahānī, Majd al-Dīn,$d1908-1983.$0http://id.loc.gov/authorities/names/nr93047421
=240  10$aYawāqīt al-ḥisān fī tafsīr Sūrat al-Raḥmān
=245  13$aal-Yawāqīt al-ḥisān fī tafsīr Sūrat al-Raḥmān ; wa-al-Mukhtār min al-qaṣāʼid wa-al-ashʻār /$ctaʼlīf Majd al-Dīn al-Najafī al-Iṣfahānī.
=250  \\$aal-Ṭabʻah 1.
=260  \\$aQum :$bDār al-Dhakhāʼir,$c1409 [1988 or 1989]
=300  \\$a134 p. :$bill. ;$c24 cm.
=504  \\$aIncludes bibliographical references.
=630  00$aQurʼan.$pSūrat al-Raḥmān$xCommentaries.
=730  0\$aMukhtār min al-qaṣāʼid wa-al-ashʻār.
=998  \\$a11/05/93$s9114$nNjP$d11/05/93$cJEB$bJEB$i931105$lNJPG
=911  \\$a19931111
=912  \\$a19931105000000.0
=852  00$0964013$brcppa$t1$hBP129.15$i.N342 1988$xtr fr nec
=959  \\$a2000-06-13 00:00:00 -0400

