=LDR  01613cam a2200421 a 4500
=001  851547
=003  NjP
=005  20171025091135.0
=008  931203s1988\\\\ir\\\\\\\\\\\\000\0\ara\d
=024  7\$aprinceton_aco002957$2local
=035  \\$a(OCoLC)ocn176321882
=035  \\$a(OCoLC)29531832
=040  \\$aNjP$cPUL$dPUL
=035  \\$a(OCoLC)176321882
=035  \\$a(CStRLIN)NJPG93-B65590
=035  \\$9AEH7084TS
=035  \\$a(NjP)851547
=079  \\$aocm29531832
=049  \\$aPULL
=100  1\$6880-01$aTabrīzī, Abū Ṭālib Tajlīl.
=245  10$6880-02$aMan huwa al-Mahdī? (ʻa.) /$ctaʼlīf Abū Ṭālib al-Tajlīl al-Tabrīzī.
=250  \\$6880-03$aal-Ṭabʻah 2.
=260  \\$6880-04$aQum :$bMuʼassasat al-Nashr al-Islāmī al-tābiʻah li-Jamāʻat al-Mudarrisīn,$c1409 [1988 or 1989]
=300  \\$a552 p. ;$c25 cm.
=500  \\$a"533."
=650  \0$aMahdi.$0http://id.loc.gov/authorities/subjects/sh85079849
=650  \0$aHadith.
=880  1\$6100-01/r$aتبريزي، ابو طالب تجليل.
=880  10$6245-02/r$aمن هو المهدي؟ (ع.) /$cتأليف ابو طالب التجليل التبريزي.
=880  \\$6250-03/r$aالطبعة 2.
=880  \\$6260-04/r$aقم :$bمؤسسة النشر الاسلامي التابعة لجماعة المدرسين،$c1409 [1988 or 1989]
=998  \\$a12/03/93$s9114$nNjP$d12/03/93$cJEB$bJEB$i931203$lNJPG
=911  \\$a19931209
=912  \\$a19931203000000.0
=994  \\$aC0$bPUL
=999  \\$a851547
=852  00$0970454$brcppa$t1$hBP166.93$i.T327 1988$xtr fr arab
=959  \\$a2000-06-13 00:00:00 -0500

