=LDR  01658cam a2200409 a 4500
=001  856632
=003  NjP
=005  20190705142241.0
=008  940112s1925\\\\ir\\\\\\\b\\\\000\0\ara\d
=024  7\$aprinceton_aco004400$2local
=040  \\$aNjP$cPUL$dPUL
=035  \\$a(CStRLIN)NJPG94-B1676
=035  \\$9CAX1917TS
=035  \\$a(NjP)856632
=049  \\$aPULL
=035  \\$a(OCoLC)ocm29685485
=100  1\$6880-01$aṬūsī, Muḥammad ibn al-Ḥasan,$d995-1067?$0http://id.loc.gov/authorities/names/n80149963
=240  00$6880-02$aKitāb al-Khilāf
=245  10$6880-03$aMasāʼil hāmmah min Kitāb al-Khilāf /$ctaʼlīf Abī Jaʻfar al-Ṭūsī.
=260  \\$a[Tehran] :$bDānishgāh-i Tihrān,$c1344 [1925 or 1926]
=300  \\$a535 p. ;$c24 cm.
=504  \\$aIncludes bibliographical references.
=650  \0$aIslamic law$xEarly works to 1800.$0http://id.loc.gov/authorities/subjects/sh2008104963
=650  \0$aShīʻah$xEarly works to 1800.$0http://id.loc.gov/authorities/subjects/sh2008111617
=740  0\$6880-04$aKitāb al-Khilāf.
=880  1\$6100-01/r$aطوسي، محمد بن الحسن،$d995-1067؟
=880  00$6240-02/r$aكتاب الخلاف
=880  10$6245-03/r$aمسائل هامة من كتاب الخلاف /$cتأليف ابي جعفر الطوسي.
=880  0\$6740-04/r$aكتاب الخلاف.
=998  \\$a01/12/94$s9114$nNjP$d01/12/94$cJAB$bJAB$i940112$lNJPG
=911  \\$a19940120
=912  \\$a19940112000000.0
=994  \\$aC0$bPUL
=999  \\$a856632
=979  \\$a(OCoLC)ocn176338013
=852  80$0976212$brcppa$t1$h2272.66587.355 1925$xtr fr anxa
=959  \\$a2000-06-13 00:00:00 -0500

