=LDR  01460cam a2200361 a 4500
=001  856725
=003  NjP
=005  20171025091527.0
=008  940112q19401949ua\\\\\\\\\\\\000\0\ara\d
=024  7\$aprinceton_aco002762$2local
=035  \\$a(OCoLC)ocn176338298
=040  \\$aNjP$cPUL$dPUL
=035  \\$a(OCoLC)176338298
=035  \\$a(CStRLIN)NJPG94-B1773
=035  \\$9CAX2011TS
=035  \\$a(NjP)856725
=079  \\$aocm29685655
=049  \\$aPULL
=100  1\$6880-01$aṢaʻīdī, ʻAbd al-Mutaʻāl,$d1894-$0http://id.loc.gov/authorities/names/n82221016
=245  13$6880-02$aal-Aqwal al-ḥisān fī ḥusn Naẓm al-Qurʼān /$ctaʼlīf ʼAbd al-Mutaʻāl al-Ṣaʻīdī.
=260  \\$6880-03$aṬanṭā :$bal-Maṭbaʻah al-ʻUmumīyah,$c[194-]
=300  \\$a3 v. in 1 ;$c20 cm.
=630  00$aQurʼan$xCriticism, interpretation, etc.$0http://id.loc.gov/authorities/subjects/sh85072959
=880  1\$6100-01/r$aصعيدي، عبد المتعال،$d1894-
=880  12$6245-02/r$aالاقول الحسان في حسن نظم القرآن /$cتأليف ءبد المتعال الصعيدي.
=880  \\$6260-03/r$aطنطا :$bالمطبعة العممية،$c[194-]
=998  \\$a01/12/94$s9114$nNjP$d01/12/94$cJAB$bJAB$i940112$lNJPG
=911  \\$a19940120
=912  \\$a19940112000000.0
=994  \\$aC0$bPUL
=999  \\$a856725
=852  00$0976308$brcppa$t1$hBP130.4$i.S326 1940z$xtr fr anxa
=959  \\$a2000-06-13 00:00:00 -0500

