=LDR  01710cam a2200397 a 4500
=001  857278
=003  NjP
=005  20190705142243.0
=008  940103s1925\\\\sy\\\\\\\\\\\\000\0\ara\d
=024  7\$aprinceton_aco004412$2local
=035  \\$a(CStRLIN)NJPG94-B285
=035  \\$9CAX2564TS
=035  \\$a(NjP)857278
=040  \\$aNjP$cPUL$dPUL
=049  \\$aPULL
=035  \\$a(OCoLC)ocm29685377
=100  1\$6880-01$aʻIrāqī, ʻAbd al-Raḥīm ibn al-Ḥusayn,$d1325-1404.$0http://id.loc.gov/authorities/names/n84199018
=240  10$6880-02$aQurab fī faḍl al-ʻArab
=245  10$6880-03$aKitāb al-qurab fī faḍl al-ʻArab /$cli-Zayn al-Dīn ʻAbd al-Raḥīm ibn al-Ḥusayn al-ʻIrāqī.
=260  \\$6880-04$aḤalab :$bal-Maṭbaʻah al-ʻIlmīyah,$c1344 [1925 or 1926]
=300  \\$a17 p. ;$c20 cm.
=650  \0$aCivilization, Arab.$0http://id.loc.gov/authorities/subjects/sh85026438
=740  0\$6880-05$aQurab fī faḍl al-ʻArab.
=880  1\$6100-01/r$aعراقي، عبد الرحيم بن الحسين،$d1325-1404.
=880  10$6240-02/r$aقرب في فضل العرب
=880  10$6245-03/r$aكتاب القرب في فضل العرب /$cلزين الدين عبد الرحيم بن الحسين العراقي.
=880  \\$6260-04/r$aحلب :$bالمطبعة العلمية،$c1344 [1925 or 1926]
=880  0\$6740-05/r$aقرب في فضل العرب.
=998  \\$a01/11/94$s9114$nNjP$wNJPG94B285$d01/03/94$cKC$bJAB$i940111$lNJPG
=911  \\$a19940120
=912  \\$a19940111000000.0
=994  \\$aC0$bPUL
=999  \\$a857278
=979  \\$a(OCoLC)ocn176339918
=852  80$0976885$brcppa$t1$h2271.504595.352 1925$xtr fr anxa
=959  \\$a2000-06-13 00:00:00 -0500

