=LDR  00976cam a2200277 a 4500
=001  857280
=003  NjP
=005  20171025091554.0
=008  940104s1916\\\\ir\\\\\\\\\\\\000|0\ara\d
=024  7\$aprinceton_aco003392$2local
=035  \\$a(OCoLC)29685385
=035  \\$a(CStRLIN)NJPG94-B365
=035  \\$9CAX2566TS
=040  \\$aNjP$cNjP
=100  1\$aKirmānī, Zayn al-ʻĀbidīn Khān.
=240  10$aĪḍāḥ ishtibāh
=245  10$aRasāʾil mubārakah īḍāḥ ishtibāh /$cZayn al-ʻĀbidīn Khān Kirmānī.
=260  \\$aTabrīz :$b[s.n.],$c1335 [1916 or 1917]
=300  \\$a132 p. ;$c23 cm.
=650  \0$aShīʻah$xDoctrines.$0http://id.loc.gov/authorities/subjects/sh85121391
=740  0\$aĪḍāḥ ishtibāh.
=998  \\$a01/11/94$s9114$nNjP$wNJPG94B365$d01/04/94$cKC$bJAB$i940111$lNJPG
=911  \\$a19940120
=912  \\$a19940111000000.0
=852  00$0976887$brcppa$t1$hBP194$i.K475 1916$xtr fr anxa
=959  \\$a2000-06-13 00:00:00 -0400

