=LDR  00951cam a2200265 a 4500
=001  857320
=003  NjP
=005  20171025091556.0
=008  940106s1939\\\\iq\\\\\\\\\\\\000\0\ara\d
=024  7\$aprinceton_aco003476$2local
=035  \\$a(OCoLC)29685585
=035  \\$a(CStRLIN)NJPG94-B820
=035  \\$9CAX2609TS
=040  \\$aNjP$cNjP
=100  1\$aMalakī, Muḥammad Kāẓim.
=245  13$aal-Uṣūl al-ḥadīthah fī mabāḥith al-alfāẓ /$ctaʾlīf Muḥammad Kāẓim Ṣādiq al-Malakī.
=250  \\$aal-Ṭabʻah 1.
=260  \\$aNajaf :$bal-Maṭbaʻah al-ʻIlmīyah,$c1358 [1939 or 1940]
=300  \\$a220 p. ;$c24 cm.
=650  \0$aIslamic law.$0http://id.loc.gov/authorities/subjects/sh85068454
=998  \\$a01/11/94$s9114$nNjP$wNJPG94B820$d01/06/94$cKC$bJAB$i940111$lNJPG
=911  \\$a19940120
=912  \\$a19940111000000.0
=852  80$0976927$brcppa$t1$hKBL$i.M342 1939$xtr fr anxa
=959  \\$a2000-06-13 00:00:00 -0400

