=LDR  01265cam a2200265 a 4500
=001  858727
=003  NjP
=005  20171025091700.0
=008  940106s1867\\\\le\\\\\\\\\\\\000\0\ara\d
=024  7\$aprinceton_aco003560$2local
=035  \\$a(OCoLC)29707283
=035  \\$a(CStRLIN)NJPG94-B931
=035  \\$9CAX5969TS
=040  \\$aNjP$cNjP
=245  03$aal-Qawānīn al-tijārīyah.
=260  \\$aBayrūt :$bal-Maṭbaʻahh al-Sharqīyah,$c1867.
=300  \\$a79 p., 52p ;$c21 cm.
=590  \\$aWith: Dhayl al-qānūn al-tijārī al-humāyūnī / tarjamat Anṭūn ʻĪd Ṣabbāgh. Bayrūt : al-Maṭbaʻah al-ʻUmūmīyah, 1868. Niẓām uṣūl al-murāfaʻāt wa-al-muḥākamāt fī al-majālis al-tijārīyah / tarjamat Anṭūn ʻĪd Sabbāgh. Bayrūt : al-Maṭbaʻah al-ʻUmūmīyah, 1867. Bound together subsequent to publication.
=650  \0$aCommercial law.$0http://id.loc.gov/authorities/subjects/sh85028940
=650  \0$aTrade regulation.$0http://id.loc.gov/authorities/subjects/sh85136505
=998  \\$a01/20/94$s9114$nNjP$wNJPG94B931$d01/06/94$cKC$bJAB$i940120$lNJPG
=911  \\$a19940127
=912  \\$a19940120000000.0
=852  00$0978700$brcppa$t1$hK1005.4$i.Q382 1867$xtr fr anxa
=959  \\$a2000-06-13 00:00:00 -0400

