=LDR  00948cam a2200277 a 4500
=001  858976
=003  NjP
=005  20171025091712.0
=008  940110s1931\\\\le\\\\\\\b\\\\000\0\ara\d
=024  7\$aprinceton_aco003647$2local
=035  \\$a(OCoLC)29745490
=035  \\$a(CStRLIN)NJPG94-B1241
=035  \\$9CAX7337TS
=040  \\$aNjP$cNjP
=100  1\$aFūrd, Jūrj.
=245  10$aNūr al-ʻālam /$ctaʾlīf Jūrj Fūrd al-Amīrkānī.
=250  \\$aṬabʻah 3.
=260  \\$aBayrūt :$bal-Maṭbaʻah al-Amīrkānīyah,$c1931.
=300  \\$a72 p. ;$c19 cm.
=504  \\$aIncludes bibliographical references.
=600  00$aJesus Christ$xTeachings.$0http://id.loc.gov/authorities/subjects/sh85070127
=998  \\$a01/27/94$s9114$nNjP$wNJPG94B1241$d01/10/94$cKC$bJAB$i940127$lNJPG
=911  \\$a19940203
=912  \\$a19940127000000.0
=852  00$0979154$brcppa$t1$hBS2417$i.K5  F872 1931$xtr fr anxa
=959  \\$a2000-06-13 00:00:00 -0400

