=LDR  02423cam a2200445 a 4500
=001  858999
=003  NjP
=005  20170619131222.0
=008  940112s1864\\\\ua\\\\\\\\\\\\000\0\ara\d
=024  7\$aprinceton_aco002820$2local
=035  \\$a(OCoLC)ocn176345058
=035  \\$a(OCoLC)176345058
=035  \\$a(CStRLIN)NJPG94-B1728
=035  \\$9CAX7368TS
=035  \\$a(NjP)858999
=040  \\$aNjP$cPUL$dPUL
=049  \\$aPULL
=079  \\$aocm29745509
=100  1\$6880-01$aḤūrānī, Ibrāhīm.
=240  10$6880-02$aDīwān kanz al-asrār wa-qamʻ al-ashrār fīmā ḥaṣala lil-muqaddim Ibrāhīm al-Ḥūrānī fī rūmah al-madāʼin wa-jisr al-abḥār
=245  10$6880-03$aHādhā Dīwān kanz al-asrār wa-qamʻ al-ashrār fīmā ḥaṣala lil-muqaddim Ibrāhīm al-Ḥūrānī fī rūmat al-madāyin wa-jisr al-abḥār.
=260  \\$6880-04$aMiṣr :$b[s.n.],$c1281 [1864 or 1865]
=300  \\$a115 p. ;$c21 cm.
=600  10$6880-05$aḤūrānī, Ibrāhīm.$0http://id.loc.gov/authorities/names/nr92020438
=740  0\$6880-06$aDīwān kanz al-asrār wa-qamʻ al-ashrār fīmā ḥaṣala lil-muqaddim Ibrāhīm al-Ḥūrānī fī rūmah al-madāʼin wa-jisr al-abḥār.
=880  1\$6100-01/r$aحوراني، ابراهيم.
=880  10$6240-02/r$aديوان كنز الاسرار وقمع الاشرار فيما حصل للمقدم ابريهيم الحوراني في رومة المدائن وجسر الابحار
=880  10$6245-03/r$aهذا ديوان كنز الاسرار وقمع الاشرار فيما حصل للمقدم ابريهيم الحوراني في رومة المداين وجسر الابحار.
=880  \\$6260-04/r$aمصر :$b[s.n.]،$c1281 [1864 or 1865]
=880  10$6600-05/r$aحوراني، ابراهيم.
=880  0\$6740-06/r$aديوان كنز الاسرار وقمع الاشرار فيما حصل للمقدم ابريهيم الحوراني في رومة المدائن وجسر الابحار.
=856  4\$uhttp://hdl.handle.net/2027/njp.32101076367380
=998  \\$a01/27/94$s9114$nNjP$wNJPG94B1728$d01/12/94$cKC$bJAB$i940127$lNJPG
=911  \\$a19940203
=912  \\$a19940127000000.0
=994  \\$aC0$bPUL
=999  \\$a858999
=852  00$0979190$brcppa$t1$hPJ7832.U65$iH872 1864$xtr fr anxa
=852  8\$08684859$belf1$hElectronic Resource
=959  \\$a2000-06-08 00:00:00 -0500

