=LDR  01826cam a2200421 a 4500
=001  859003
=003  NjP
=005  20170605130216.0
=008  940112s1954\\\\sy\\\\\\\\\\\\000\0\ara\d
=024  7\$aprinceton_aco003556$2local
=035  \\$a(OCoLC)29745520
=035  \\$a(OCoLC)ocn176345068
=035  \\$a(OCoLC)176345068
=035  \\$a(CStRLIN)NJPG94-B1862
=035  \\$9CAX7373TS
=035  \\$a(NjP)859003
=040  \\$aNjP$cPUL$dPUL
=049  \\$aPULL
=079  \\$aocm29745520
=100  1\$6880-01$aĀl Ṭāhir al-Mūsawī, Muḥsin Muḥammad ʻAlī
=240  10$6880-02$aBayān fī al-ḥujjah wa-al-burhān
=245  10$6880-03$aKitāb al-bayān fī al-ḥujjah wa-al-burhān /$ctaʼlīf Muḥsin Muḥammad ʻAlī Āl Ṭāhir al-Mūsawī min Āl Aḥmad al-Ḥalabī.
=260  \\$6880-04$aḤalab :$bal-Maṭbaʻah al-Sūrīyah,$c1374 [1954 or 1955]
=300  \\$a64 p. ;$c24 cm.
=650  \0$aIslamic law.$0http://id.loc.gov/authorities/subjects/sh85068454
=740  0\$6880-05$aBayān fī al-ḥujjah wa-al-burhān.
=880  1\$6100-01/r$aآل طاهر الموسوي، محسن محمد علي
=880  10$6240-02/r$aبيان في الحجة والبرهان
=880  10$6245-03/r$aكتاب البيان في الحجة والبرهان /$cتأليف محسن محمد علي آل طاهر الموسوي من آل احمد الحلبي.
=880  \\$6260-04/r$aحلب :$bالمطبعة السورية،$c1374 [1954 or 1955]
=880  0\$6740-05/r$aبيان في الحجة والبرهان.
=998  \\$a03/22/94$s9114$nNjP$wNJPG94B1862$d01/12/94$cKC$bJAB$i940322$lNJPG
=911  \\$a19940331
=912  \\$a19940322000000.0
=994  \\$aC0$bPUL
=999  \\$a859003
=852  80$0979197$brcppa$t1$hKBL$i.H342 1954$xtr fr anxa
=959  \\$a2000-06-13 00:00:00 -0400

