=LDR  02095cam a2200421 a 4500
=001  859012
=003  NjP
=005  20170605130703.0
=008  940113s1880\\\\sy\\\\\\\\\\\\000\0\ara\d
=024  7\$aprinceton_aco003561$2local
=035  \\$a(OCoLC)29745545
=035  \\$a(OCoLC)ocn176345098
=035  \\$a(OCoLC)176345098
=035  \\$a(CStRLIN)NJPG94-B2291
=035  \\$9CAX7386TS
=035  \\$a(NjP)859012
=040  \\$aNjP$cPUL$dPUL
=049  \\$aPULL
=079  \\$aocm29745545
=100  1\$6880-01$aAnṣārī, Muḥammad Tawfīq al-Ayyūbī.
=240  10$6880-02$aTaʻrīb sharḥ al-qawāʻid al-kullīyah allatī fī awwal Majallat al-aḥkām al-ʻadlīyah
=245  10$6880-03$aKitāb taʻrīb sharḥ al-qawāʻid al-kullīyah allatī fī awwal Majallat al-aḥkām al-ʻadlīyah /$cMuḥammad Tawfīq al-Ayyūbī al-Anṣārī.
=260  \\$6880-04$aDimashq :$bMaṭbaʻat Ḥabīb Khālid,$c1298 [1880 or 1881]
=300  \\$a55 p. ;$c20 cm.
=650  \0$aIslamic law.$0http://id.loc.gov/authorities/subjects/sh85068454
=740  0\$6880-05$aTaʻrīb sharḥ al-qawāʻid al-kullīyah allatī fī awwal Majallat al-aḥkām al-ʻadlīyah.
=880  1\$6100-01/r$aانصاري، محمد توفيق الايوبي.
=880  10$6240-02/r$aتعريب شرح القواعد الكلية التي في اول مجلة الاحكام العدلية
=880  10$6245-03/r$aكتاب تعريب شرح القواعد الكلية التي في اول مجلة الاحكام العدلية /$cمحمد توفيق الايوبي الانصاري.
=880  \\$6260-04/r$aدمشق :$bمطبعة حبيب خالد،$c1298 [1880 or 1881]
=880  0\$6740-05/r$aتعريب شرح القواعد الكلية التي في اول مجلة الاحكام العدلية.
=998  \\$a03/22/94$s9114$nNjP$wNJPG94B2291$d01/13/94$cKC$bJAB$i940322$lNJPG
=911  \\$a19940331
=912  \\$a19940322000000.0
=994  \\$aC0$bPUL
=999  \\$a859012
=852  80$0979209$brcppa$t1$hKBL$i.A572 1880$xtr fr anxa
=959  \\$a2000-06-13 00:00:00 -0400

