=LDR  01765cam a2200385 a 4500
=001  860879
=003  NjP
=005  20190705142249.0
=008  940110q19001994sy\\\\\\\\\\\\000\0\ara\d
=024  7\$aprinceton_aco004450$2local
=035  \\$a(CStRLIN)NJPG94-B1276
=035  \\$9CAY0907TS
=035  \\$a(NjP)860879
=040  \\$aNjP$cPUL$dPUL
=049  \\$aPULL
=019  \\$a29782130
=035  \\$a(OCoLC)ocm48119611$z(OCoLC)ocm29782130
=100  0\$6880-01$aRaḥmat Allāh ibn Khalīl al-Raḥmān,$d1818-1891.$0http://id.loc.gov/authorities/names/n84077330
=245  10$6880-02$aHādhihi Risālat musammāh bi-al-Tanbīhāt fī ithbāt al-iḥtiyāj ilá al-baʻthah wa-al-ḥashr /$cli-muʼallifuhā Raḥmat Allāh ibn Khalīl al-Raḥmān al-Hindī.
=260  \\$6880-03$aDimashq :$bMaṭbaʻat al-Muqathbas,$c[19--?]
=300  \\$a22 p. ;$c23 cm.
=650  \0$aIslam$xApologetic works.$0http://id.loc.gov/authorities/subjects/sh85068393
=880  0\$6100-01/r$aرحمة الله بن خليل الرحمن،$d1818-1891.
=880  10$6245-02/r$aهذه رسالة مسماه بالتنبيهات في اثبات الاحتياج الى البعثة والحشر /$cلمؤلفها رحمة الله بن خليل الرحمن الهندي.
=880  \\$6260-03/r$aدمشق :$bمطبعة المقثبس،$c[19-؟]
=856  4\$uhttp://hdl.handle.net/2027/njp.32101064066366
=998  \\$a01/31/94$s9114$nNjP$wNJPG94B1276$d01/10/94$cKC$bJAB$i940131$lNJPG
=911  \\$a19940210
=912  \\$a19940131000000.0
=994  \\$aC0$bPUL
=999  \\$a860879
=979  \\$a(OCoLC)ocn176350344
=852  80$0981451$brcppa$t1$h2274.336.342 1900z$xtr fr anxa
=852  8\$08684885$belf1$hElectronic Resource
=959  \\$a2000-06-08 00:00:00 -0500

