=LDR  01802cam a2200421 a 4500
=001  861165
=003  NjP
=005  20170516152621.0
=008  940131s1927\\\\ua\\\\\\\\\\\\000\0\ara\d
=024  7\$aprinceton_aco002879$2local
=035  \\$a(OCoLC)175697038
=035  \\$a(OCoLC)ocn176351225
=035  \\$a(OCoLC)176351225
=035  \\$a(CStRLIN)NJPG94-B5394
=035  \\$9CAY1238TS
=035  \\$a(NjP)861165
=040  \\$aNjP$cPUL$dPUL
=049  \\$aPULL
=079  \\$aocn175697038
=100  1\$6880-01$aIbn ʻUmrān, ʻUmrān ibn Aḥmad.
=240  10$6880-02$aNūr al-bayān fī al-kashf ʻan bidaʻ ākhir al-zamān
=245  10$6880-03$aKitāb Nūr al-bayān fī al-kashf ʻan bidaʻ ākhir al-zamān /$ctaʼlīf ʻUmrān ibn Aḥmad ibn ʻUmrān.
=260  \\$6880-04$aMiṣr :$bMaṭbaʻat al-Maʻāhid,$c1347 [1927 or 1928]
=300  \\$a157 p. ;$c24 cm.
=650  \0$aTaqlīd$xEarly works to 1800.
=740  0\$6880-05$aNūr al-bayān fī al-kashf ʻan bidaʻ ākhir al-zamān.
=880  1\$6100-01/r$aابن عمران، عمران بن احمد.
=880  10$6240-02/r$aنور البيان في الكشف عن بدع آخر الزمان
=880  10$6245-03/r$aكتاب نور البيان في الكشف عن بدع آخر الزمان /$cتأليف عمران بن احمد بن عمران.
=880  \\$6260-04/r$aمصر :$bمطبعة المعاهد،$c1347 [1927 or 1928]
=880  0\$6740-05/r$aنور البيان في الكشف عن بدع آخر الزمان.
=998  \\$a02/03/94$s9114$nNjP$wNJPG94B5394$d01/31/94$cNHD$bJAB$i940203$lNJPG
=911  \\$a19940210
=912  \\$a19940203000000.0
=994  \\$aC0$bPUL
=999  \\$a861165
=852  00$0981817$brcppa$t1$hBP165.7$i.I228 1927$xtr fr anxa
=959  \\$a2000-06-13 00:00:00 -0500

