=LDR  01664cam a2200397 a 4500
=001  861397
=003  NjP
=005  20190705142252.0
=008  940201s1908\\\\ua\\\\\\\\\\\\00\\0\ara\d
=024  7\$aprinceton_aco004454$2local
=035  \\$a(CStRLIN)NJPG94-B5652
=035  \\$9CAY1471TS
=035  \\$a(NjP)861397
=040  \\$aNjP$cPUL$dPUL
=049  \\$aPULL
=035  \\$a(OCoLC)ocm29784508
=100  1\$aRaww⁻as, Muḥammad Mahd⁻i ⁻ibn ʻAl⁻i,$d1805 or 6-1870 or 71.
=240  10$aFadhlakat al-ḥaq⁻iqah f⁻i aḥk⁻am al-ṭar⁻iqah
=245  10$aKit⁻ab fadhlakat al-ḥaq⁻iqah f⁻i aḥk⁻am al-ṭar⁻iqah /$cli-sayyidin⁻a al-Quṭub al-ghawth Bah⁻aʼ al-D⁻in Muḥammad Mahd⁻i ⁻Al Khiz⁻am al-Ṣayy⁻ad⁻i al-Rif⁻aʻi al-Ḥusaynī al-Husn⁻i al-mushtahar bi-al-Raww⁻as.
=250  \\$6880-01$aAl-Ṭabʻah 1
=260  \\$aMiṣr :$bMaṭbaʻat ʻAl⁻i Sukkar,$c1326 [1908]
=300  \\$a53 p. ;$c24 cm.
=650  \0$aIslamic law.$0http://id.loc.gov/authorities/subjects/sh85068454
=740  0\$6880-02$aFadhlakat al-ḥaqīqah fī aḥkām al-ṭarīqah.
=880  \\$6250-01/r$aالطبعة 1
=880  0\$6740-02/r$aفذلكة الحقيقة في احكام الطريقة.
=856  4\$uhttp://hdl.handle.net/2027/njp.32101064066374
=998  \\$a02/04/94$s9114$nNjP$wNJPG94B5652$d02/01/94$cNHD$bJAB$i940204$lNJPG
=911  \\$a19940210
=912  \\$a19940204000000.0
=994  \\$aC0$bPUL
=999  \\$a861397
=979  \\$a(OCoLC)ocn176351999
=852  80$0982068$brcppa$t1$h2274.3627.352 1908$xtr fr anxa
=852  8\$08684894$belf1$hElectronic Resource
=959  \\$a2000-06-08 00:00:00 -0500

