=LDR  01664cam a2200301 a 4500
=001  862528
=003  NjP
=005  20171025091929.0
=008  840904s1970\\\\ir\\\\\\\\\\\\001|0\ara\d
=024  7\$aprinceton_aco004207$2local
=035  \\$a(OCoLC)29835002
=035  \\$a(CStRLIN)NJPG84-B48601
=035  \\$9CAY3658TS
=040  \\$aNjP$cNjP
=100  1\$aBaḥrānī, Maytham ibn ʻAlī,$dd. 1280?$0http://id.loc.gov/authorities/names/n83179260
=245  10$aSharḥ al-ʻālim al-rabbānī ʻalā al-miʼat kalimah li-Amīr al-Muʼminīn ʻAlī ibn Abī Ṭālib /$cKamāl al-Dīn Maytham ibn ʻAlī ibn Maytham al-Baḥrānī ; ʻuniya bi-ṭabʻih wa-nashrih wa-taṣḥīḥih wa-al-taʻlīq ʻalayh Mīr Jalāl al-Dīn al-Ḥusaynī al-Urmawī
=260  \\$aQum :$bJamāʻat al-Mudarrisīn fi-al-Ḥawzah al-ʻIlmīyah,$c1390 [1970]
=300  \\$a272, 67, 58 p. ;$c25 cm.
=500  \\$aOn cover "Wa-yalīh sharḥān ʻalá tilk al-kalimāt bi-ʻaynihā, al-awwal sharḥ ʻAbd al-Wahhāb, al-thānī sharḥ al-Rashīd al-Waṭwāṭ.
=600  00$aʻAlī ibn Abī Ṭālib,$cCaliph,$dca. 600-661.$tMiʼat kalimah.
=700  0\$aʻAbd al-Wahhāb ibn Ibrāhīm.
=700  1\$aVaṭvāṭ, Rashīd al-Dīn Muḥammad ibn Muḥammad,$dapproximately 1114-approximately 1182.$0http://id.loc.gov/authorities/names/n85163476
=700  1\$aMuḥaddis̲, Jalāl al-Dīn Ḥusaynī.
=998  \\$a03/30/94$s9118$nNjP$wNJPG84B48601$d09/04/84$cAAH$bNBS$i940330$lNJPG
=911  \\$a19940414
=912  \\$a19970325040022.0
=852  80$0983319$brcppa$t1$h2267.112181.385 1970$xtr fr anxa
=959  \\$a2000-06-13 00:00:00 -0500

