=LDR  01001cam a2200253 a 4500
=001  862641
=003  NjP
=005  20171025091935.0
=008  940201s1900\\\\ti\\\\\\\\\\\\000\0\ara\d
=024  7\$aprinceton_aco002881$2local
=035  \\$a(OCoLC)74218991
=035  \\$a(CStRLIN)NJPG94-B5581
=035  \\$9CAY4935TS
=040  \\$aNjP/$cNjP
=100  0\$aAbū al-Saʻūd Muḥammad ibn Muḥammad,$d1492 or 1493-1574 or 1575.$0http://id.loc.gov/authorities/names/nr94007412
=245  10$aRisālah fī al-riyāʼ wa-al-istikhfāf bi-al-dīn wa-al-jahr bi-al-dhikr wa-al-laḥn /$cli-Abī al-Saʻūd al-ʻImādī.
=260  \\$a[Tunisia] :$bal-Najāḥ,$c[19--?]
=300  \\$a8 p. ;$c23 cm.
=650  \0$aIslam.$0http://id.loc.gov/authorities/subjects/sh85068390
=998  \\$a03/22/94$s9114$nNjP$wNJPG94B5581$d02/01/94$cAAH$bJAB$i940322$lNJPG
=911  \\$a19940331
=912  \\$a19990408060645.0
=852  00$0983627$brcppa$t1$hBP161.2$i.A282 1900z$xtr fr anxa
=959  \\$a2000-06-13 00:00:00 -0500

