=LDR  02527cam a2200469 a 4500
=001  862653
=003  NjP
=005  20190705142253.0
=008  940201s1868\\\\le\\\\\\\\\\\\000\0cara\d
=024  7\$aprinceton_aco004618$2local
=035  \\$a(CStRLIN)NJPG94-B5838
=035  \\$9CAY4947TS
=035  \\$a(NjP)862653
=040  \\$aNjP$cPUL$dPUL
=049  \\$aPULL
=035  \\$a(OCoLC)ocm29834579
=100  1\$6880-01$aMaẓlūm, Maksīmūs ibn Jurjis,$d1779 or 80-1854 or 5.$0http://id.loc.gov/authorities/names/nr93038034
=240  10$6880-02$aKanz al-ʻibād al-thamīn fī akhbār al-qiddīsīn
=245  10$6880-03$aKitāb Kanz al-ʻibād al-thamīn fī akhbār al-qiddīsīn /$ctaʼlīf al-Sayyid Maksīmūs Maẓlūm Baṭriyark ṭāʼifat al-Rūm al-Malkīyīn al-Kāthūlīkīyīn.
=250  \\$6880-04$aṬabʻah 2.
=260  \\$6880-05$a[Beirut] :$bMaṭbaʻat Ḥannā al-Najjār,$c1868.
=300  \\$av. ;$c27 cm.
=500  \\$6880-06$a"al-Mujallad al-thānī yashtamil ʻalá akhbār al-qiddīsīn al-mudawwanah asmāʼuhum wa-akhbāruhum fī al-mīnāwun al-Yūnānī wa-al-ʻAarabi."
=650  \0$aChristian Saints$xBiography.
=740  0\$6880-07$aKanz al-ʻibād al-thamīn fī akhbār al-qiddīsīn.
=880  1\$6100-01/r$aمظلوم، مكسيموس بن جرجس،$d1779 or 80-1854 or 5.
=880  10$6240-02/r$aكنز العباد الثمين في اخبار القديسين
=880  10$6245-03/r$aكتاب كنز العباد الثمين في اخبار القديسين /$cتأليف السيد مكسيموس مظلوم بطريرك طائفة الروم الملكيين الكاثوليكيين.
=880  \\$6250-04/r$aطبعة 2.
=880  \\$6260-05/r$a[بيروت] :$bمطبعة حنا النجار،$c1868.
=880  \\$6500-06/r$a"المجلد الثاني يشتمل على اخبار القديسين المدونة اسماؤهم واخبارهم في الميناون اليوناني والعرب."
=880  0\$6740-07/r$aكنز العباد الثمين في اخبار القديسين.
=856  4\$uhttp://hdl.handle.net/2027/njp.32101063577132
=998  \\$a02/08/94$s9114$nNjP$wNJPG94B5838$d02/01/94$cAHH$bJAB$i940208$lNJPG
=911  \\$a19940217
=912  \\$a19940208000000.0
=994  \\$aC0$bPUL
=999  \\$a862653
=979  \\$a(OCoLC)ocn176354925
=852  80$0983640$brcppa$t1$h2272.628.352 1868$xtr fr anxa
=852  8\$08684910$belf1$hElectronic Resource
=959  \\$a2000-06-08 00:00:00 -0500

