=LDR  03024cam a2200517 a 4500
=001  863660
=003  NjP
=005  20170605130606.0
=008  940131s1990\\\\ir\\\\\\\b\\\\000\0\ara\d
=024  7\$aprinceton_aco003121$2local
=035  \\$a(OCoLC)29865985
=035  \\$a(OCoLC)ocn176357844
=035  \\$a(OCoLC)176357844
=035  \\$a(CStRLIN)NJPG94-B5458
=035  \\$9CAY7351TS
=035  \\$a(NjP)863660
=040  \\$aNjP$cPUL$dPUL
=049  \\$aPULL
=079  \\$aocm29865985
=100  1\$6880-01$aIbn Abī al-Dunyā, ʻAbd Allāh ibn Muḥammad,$d823-894.$0http://id.loc.gov/authorities/names/n85136568
=240  10$6880-02$aMaqtal al-Imām Amīr al-Muʼminīn ʻAlī ibn Abī Ṭālib
=245  10$6880-03$aKitāb Maqtal al-Imām Amīr al-Muʼminīn ʻAlī ibn Abī Ṭālib /$ctaʼlīf Abī Bakr ʻAbd Allāh ibn Muḥammad ibn ʻUbayd al-maʻrūf bi-Ibn Abī al-Dunyā ; taḥqīq Muḥammad Bāqir al-Maḥmūdī.
=250  \\$6880-04$aal-Ṭabʻah 1.
=260  \\$6880-05$aṬihrān, Īrān :Muʼassasat al-Ṭabʻ wa-al-Nashr al-tābiʻah li-Wizārat al-Thaqāfah wa-al-Irshād al-Islāmī :$bMajmaʻ Iḥyāʼ al-Thaqāfah al-Islāmīyah,$c1990.
=300  \\$a123 p. ;$c24 cm.
=440  \0$6880-06$aMin nafāʼis al-turāth al-Islāmī fī al-qarn al-thālith
=504  \\$aIncludes bibliographical references.
=600  00$aʻAlī ibn Abī Ṭālib,$cCaliph,$d600 (ca.)-661$xAssassination$xEarly works to 1800.
=650  \0$aShiites$xEarly works to 1800.$0http://id.loc.gov/authorities/subjects/sh2010112937
=700  1\$6880-07$aMaḥmūdī, Muḥammad Bāqir.
=740  0\$6880-08$aMaqtal al-Imām Amīr al-Muʼminīn ʻAlī ibn Abī Ṭālib.
=880  1\$6100-01/r$aابن ابي الدنيا، عبد الله بن محمد،$d823-894.
=880  10$6240-02/r$aمقتل الامام امير المؤمنين علي بن ابي طالب
=880  10$6245-03/r$aكتاب مقتل الامام امير المؤمنين علي بن ابي طالب /$cتأليف ابي بكر عبد الله بن محمد بن عبيد المعروف بابن ابي الدنيا ؛ تحقيق محمد باقر المحمودي.
=880  \\$6250-04/r$aالطبعة 1.
=880  \\$6260-05/r$aطهران، ايران :مؤسسة الطبع والنشر التابعة لوزارة الثقافة والارشاد الاسلامي :$bمجمع احياء الثقافة الاسلامية،$c1990.
=880  \0$6440-06/r$aمن نفائس التراث الاسلامي في القرن الثالث
=880  1\$6700-07/r$aمحمودي، محمد باقر.
=880  0\$6740-08/r$aمقتل الامام امير المؤمنين علي بن ابي طالب.
=998  \\$a03/31/95$s9114$nNjP$wNJPG94B5458$d01/31/94$cKC$bKC$i950331$lNJPG
=911  \\$a19950425
=912  \\$a19950331000000.0
=994  \\$aC0$bPUL
=999  \\$a863660
=852  00$0984897$brcppa$t1$hBP193.1.A3$iI263 1990$xtr fr nec
=959  \\$a2000-06-13 00:00:00 -0400

