=LDR  02054cam a2200445 a 4500
=001  876683
=003  NjP
=005  20190705142328.0
=008  940328s1988\\\\ir\\\\\\\b\\\\000\0\ara\d
=024  7\$aprinceton_aco003755$2local
=040  \\$aNjP$cPUL$dPUL
=035  \\$a(CStRLIN)NJPG94-B16663
=035  \\$9CBB4055TS
=035  \\$a(NjP)876683
=049  \\$aPULL
=035  \\$a(OCoLC)ocm30322145
=100  1\$6880-01$aGharavī, Muḥammad Ḥusayn,$d1878-1942.$0http://id.loc.gov/authorities/names/n85235894
=245  10$6880-02$aBuḥūth fī al-fiqh /$cli-Muḥammad Ḥusayn al-Iṣfahānī.
=250  \\$6880-03$aal-Ṭabʻah 2.
=260  \\$6880-04$a[Qum] :$bMuʼassasat al-Nashr al-Islāmī al-tābiʻah li-Jamāʻat al-Mudarrisīn bi-Qum al-Musharrafah,$c1409 [1988 or 1989]
=300  \\$a314 p. ;$c24 cm.
=500  \\$a"529-530-531."
=504  \\$aIncludes bibliographical references.
=505  0\$6880-05$aṢalāt al-jamāʻah -- Ṣalāt al-musāfir -- al-Ijārah.
=650  \0$aIslamic law$xInterpretation and construction.$0http://id.loc.gov/authorities/subjects/sh85068455
=650  \0$aLeases (Islamic law)$0http://id.loc.gov/authorities/subjects/sh85075559
=650  \0$aPrayer$xIslam.$0http://id.loc.gov/authorities/subjects/sh85106123
=880  1\$6100-01/r$aغرڤي، محمد حسين،$d1878-1942.
=880  10$6245-02/r$aبحوث في الفقه /$cلمحمد حسين الاصفهاني.
=880  \\$6250-03/r$aالطبعة 2.
=880  \\$6260-04/r$a[قم] :$bمؤسسة النشر الاسلامي التابعة لجماعة المدرسين بقم المشرفة،$c1409 [1988 or 1989]
=880  0\$6505-05/r$aصلاة الجماعة -- صلاة المسافر -- الاجارة.
=998  \\$a04/11/94$s9114$nNjP$wNJPG94B16663$d03/28/94$cKC$bKC$i940411$lNJPG
=911  \\$a19940421
=912  \\$a19940411000000.0
=994  \\$aC0$bPUL
=999  \\$a876683
=979  \\$a(OCoLC)ocn176394596
=852  80$01000622$brcppa$t1$hKBL$i.G4275 1988$xtr fr arab
=959  \\$a2000-06-13 00:00:00 -0400

