=LDR  02257cam a2200469 a 4500
=001  878555
=003  NjP
=005  20171025092940.0
=008  940404s1987\\\\ir\\\\\\\b\\\\000\0\ara\d
=024  7\$aprinceton_aco003007$2local
=035  \\$a(OCoLC)30345044
=035  \\$a(OCoLC)ocn176403894
=035  \\$a(OCoLC)176403894
=035  \\$a(CStRLIN)NJPG94-B18248
=035  \\$9CBB7753TS
=035  \\$a(NjP)878555
=040  \\$aNjP$cPUL$dPUL
=043  \\$aa-iq---
=049  \\$aPULL
=079  \\$aocm30345044
=100  1\$6880-01$aʻĀbidīn, Muḥammad ʻAlī.
=245  10$6880-02$aMabʻūth al-Ḥusayn :$bdirāsah taḥlīlīyah li-awwal marāḥil al-thawrah al-Ḥusaynīyah fī al-Kūfah bi-qiyādat al-baṭal al-jalīl Muslim ibn ʻAqīl /$ctaʼlīf Muḥammad ʻAlī ʻĀbidīn.
=260  \\$6880-03$a[Qum] :$bMuʼassasat al-Nashr al-Islāmī al-Tābiʻah li-Jamāʻat al-Mudarrisīn bi-Qum al-Musharrafah,$c1408 [1987 or 1988]
=300  \\$a256 p. ;$c25 cm.
=500  \\$a"476."
=504  \\$aIncludes bibliographical references.
=600  00$6880-04$aḤusayn ibn ʻAlī,$d-680$0http://id.loc.gov/authorities/names/n79142777
=600  00$6880-05$aMuslim ibn ʻAqīl,$d-679 or 680.$0http://id.loc.gov/authorities/names/nr94018910
=651  \0$6880-06$aKūfah (Iraq)$xHistory.
=880  1\$6100-01/r$aعابدين، محمد علي.
=880  10$6245-02/r$aمبعوث الحسين :$bدراسة تحليلية لاول مراحل الثورة الحسينية في الكوفة بقيادة البطل الجليل مسلم بن عقيل /$cتأليف محمد علي عابدين.
=880  \\$6260-03/r$a[قم] :$bمؤسسة النشر الاسلامي التابعة لجماعة المدرسين بقم المشرفة،$c1408 [1987 or 1988]
=880  00$6600-04/r$aحسين بن علي،$dd. 680.
=880  04$6600-05/r$aمسلم بن عقيل،$d-679 or 680.
=880  \0$6651-06/r$aكوفة (ارق)$xهستري.
=998  \\$a05/04/94$s9114$nNjP$wNJPG94B18248$d04/04/94$cKC$bJYN$i940504$lNJPG
=911  \\$a19940512
=912  \\$a19940504000000.0
=994  \\$aC0$bPUL
=999  \\$a878555
=852  00$01002971$brcppa$t1$hBP193.13$i.A243 1987$xtr fr arab
=959  \\$a2000-06-13 00:00:00 -0500

