=LDR  01735cam a2200385 a 4500
=001  882286
=003  NjP
=005  20171025093202.0
=008  940422s1987\\\\ir\\\\\\\b\\\\000\0\ara\d
=024  7\$aprinceton_aco002745$2local
=035  \\$a(OCoLC)ocn176422927
=040  \\$aNjP$cPUL$dPUL
=035  \\$a(OCoLC)176422927
=035  \\$a(CStRLIN)NJPG94-B23103
=035  \\$9CBC5635TS
=035  \\$a(NjP)882286
=079  \\$aocm30452631
=049  \\$aPULL
=100  1\$6880-01$aMuḥammad, ʻAbd al-Zahrāʼ ʻUthmān.
=245  13$6880-02$aal-Imām Muḥammad ibn ʻAlī al-Jawād :$btāsiʻ aʼimmat ahl al-bayt ʻalayhim al-salām /$cʻAbd al-Zahrāʼ ʻUthmān Muḥammad.
=260  \\$6880-03$aMashhad, Īrān :$bMajmaʻ al-Buḥūth al-Islāmīyah,$c1408 [1987 or 1988]
=300  \\$a149 p. ;$c21 cm.
=504  \\$aIncludes bibliographical references (p. 145-149).
=600  10$6880-04$aJawād, Muḥammad ibn ʻAlī,$d810 or 11-835 or 6.$0http://id.loc.gov/authorities/names/nr90029095
=880  1\$6100-01/r$aمحمد، عبد الزهراء عثمان.
=880  12$6245-02/r$aالامام محمد بن علي الجواد :$bتاسع أمة اهل البيت عليهم السلام /$cعبد الزهراء عثمان محمد.
=880  \\$6260-03/r$aمشهد، ايران :$bمجمع البحوث الاسلامية،$c1408 [1987 or 1988]
=880  10$6600-04/r$aجواد، محمد بن علي،$d810 or 11-835 or 6.
=998  \\$a05/02/94$s9114$nNjP$wNJPG94B23103$d04/22/94$cKC$bKC$i940502$lNJPG
=911  \\$a19940512
=912  \\$a19961105041137.0
=994  \\$aC0$bPUL
=999  \\$a882286
=852  00$01007915$brcppa$t1$hBP80.J38$iM833 1987$xtr fr arab
=959  \\$a2000-06-13 00:00:00 -0500

