=LDR  01190cam a2200325 a 4500
=001  903526
=003  NjP
=005  20171026092729.0
=008  940726s1990\\\\ir\\\\\\\b\\\\00010\ara\d
=024  7\$aprinceton_aco002796$2local
=035  \\$a(OCoLC)30887232
=035  \\$a(CStRLIN)NJPG94-B43604
=035  \\$9CBG5911TS
=040  \\$aNjP$cNjP
=041  \\$aara$hper
=100  1\$aDastʹghayb, ʻAbd al-Ḥusayn.
=240  10$aTawḥīd.$lArabic
=245  13$aal-Tawḥīd /$ctaʾlīf ʻAbd al-Ḥusayn Dastʹghayb ; tarjamah Aḥmad al-Qubānchī.
=260  \\$a[Iran] :$bDār al-Kitāb al-Islāmī,$c1990.
=300  \\$a219 p. ;$c24 cm.
=490  1\$aSilsilat Uṣūl al-dīn ;$v1
=504  \\$aIncludes bibliographical references.
=650  \0$aGod (Islam)$0http://id.loc.gov/authorities/subjects/sh85055570
=650  \0$aShīʻah$xDoctrines.$0http://id.loc.gov/authorities/subjects/sh85121391
=830  \0$aSilsilat Uṣūl al-dīn (Qom, Iran) ;$v1.
=998  \\$a07/26/94$s9114$nNjP$d07/26/94$cKC$bKC$i940726$lNJPG
=911  \\$a19940826
=912  \\$a19970801042553.0
=852  00$01035395$brcppa$t1$hBP166.2$i.D3612 1990$xtr fr arab
=959  \\$a2000-06-13 00:00:00 -0500

