=LDR  01646cam a2200409 a 4500
=001  906607
=003  NjP
=005  20130613142210.0
=008  940805m19821984ir\\\\\\\b\\\\001\0\ara\d
=024  7\$aprinceton_aco002610$2local
=035  \\$a(OCoLC)ocn176552777
=035  \\$a(OCoLC)30940120
=040  \\$aNjP$cPUL$dPUL
=035  \\$a(OCoLC)176552777
=035  \\$a(CStRLIN)NJPG94-B46582
=035  \\$9CBH0369TS
=035  \\$a(NjP)906607
=079  \\$aocm30940120
=049  \\$aPULL
=100  1\$6880-01$aMuḥammadī Rayʹshahrī.
=245  10$6880-02$aMīzān al-ḥikmah :$bakhlāqī, ʻaqīdatī, ijtimāʻī, siyāsī iqtiṣādī, adabī /$cal-Muḥammmadī al-Rayʹshahrī.
=260  \\$6880-03$aQum :$bMarkaz al-Nashr, Maktab al-Iʻlām al-Islāmī,$c1362-1363 [1983-1984]
=300  \\$a10 v. ;$c22 cm.
=504  \\$aIncludes bibliographical references and indexes.
=630  00$aQurʼan$xDictionaries$xArabic.
=650  \0$aHadith$xDictionaries$xArabic.
=880  1\$6100-01/r$aمحمدي ريشهري.
=880  10$6245-02/r$aميزان الحكمة :$bاخلاقي، عقيدتي، اجتماعي، سياسي اقتصادي، ادبي /$cالمحممدي الريشهري.
=880  \\$6260-03/r$aقم :$bمركز النشر، مكتب الاعلام الاسلامي،$c13621363 [19831984]
=998  \\$a08/05/94$s9114$nNjP$d08/05/94$cKC$bKC$i940805$lNJPG
=911  \\$a19940827
=912  \\$a19940805000000.0
=994  \\$aC0$bPUL
=999  \\$a906607
=852  00$01039130$brcppa$t1$hBP133.R39 1983$xtr fr sne$xtr fr arab
=866  \0$01039130$amujallad 1-10
=959  \\$a2000-06-13 00:00:00 -0500

