=LDR  01108cam a2200289 a 4500
=001  908076
=003  NjP
=005  20171026093150.0
=008  940810m19839999ir\\\\\\\\\\\\00010\ara\d
=024  7\$aprinceton_aco003447$2local
=035  \\$a(OCoLC)30963068
=035  \\$a(CStRLIN)NJPG94-B47767
=035  \\$9CBH3495TS
=040  \\$aNjP$cNjP
=100  1\$aJalīlī, Muṣṭafá.
=245  10$aNihāyat al-wuṣūl fī sharḥ Kifāyat al-uṣūl /$ctaʾlīf Muṣṭafá al-Jalīlī.
=260  \\$a[Qom :$bs.n.],$c1404- [1983 or 1984- ]$e(Qum :$fMaṭbaʻat al-Khiyām)
=300  \\$av. ;$c25 cm.
=600  10$aKhurāsānī, Muḥammad Kāẓim,$d1839 or 40-1911.$tKifāyat al-uṣūl.
=650  \0$aIslamic law$xInterpretation and construction.$0http://id.loc.gov/authorities/subjects/sh85068455
=998  \\$a08/10/94$s9114$nNjP$d08/10/94$cKC$bKC$i940810$lNJPG
=911  \\$a19940828
=912  \\$a19980423043123.0
=852  81$01041068$brcppa$t1$hKBL$i.J344 1983$xtr fr arab
=866  \0$01041068$60$ajuzʾ 1
=866  \0$01041068$60$xDESIGNATOR: juzʾ
=959  \\$a2000-06-13 00:00:00 -0400

