=LDR  02338cam a2200469 a 4500
=001  935512
=003  NjP
=005  20171026094537.0
=008  941206s1990\\\\ir\\\\\\\b\\\\001\0dara\d
=024  7\$aprinceton_aco003496$2local
=035  \\$a(OCoLC)ocn176318353
=040  \\$aNjP$cPUL$dPUL
=035  \\$a(OCoLC)176318353
=035  \\$a(CStRLIN)NJPG94-B73660
=035  \\$9CBN0935TS
=035  \\$a(NjP)935512
=079  \\$aocm31707162
=049  \\$aPULL
=100  1\$6880-01$aShāh ʻAbd al-ʻAẓīmī, Muḥammad ʻAlī,$d1842-1916.$0http://id.loc.gov/authorities/names/nr95015064
=245  13$6880-02$aal-Īqād fī wafayāt al-Nabī wa-al-Zahrāʼ wa-al-Aʼimmah ajmaʻīn, wa-tafṣīl waqʻat al-Ṭaff tamāman /$ctaʼlīf Muḥammad ʻAlī al-Shāh ʻAbd al-ʻAẓīmī ; taḥqīq Muḥammad Jawād al-Raḍawī al-Kashmīrī.
=250  \\$6880-03$aal-Ṭabʻah 1.
=260  \\$6880-04$aQum :$bManshūrāt al-Fīrūzābādī,$c1411 [1990]
=300  \\$a352 p. ;$c25 cm.
=500  \\$aErrata slip inserted.
=504  \\$aIncludes bibliographical references (p. 347-350) and indexes.
=650  \0$aImams (Shiites)$xBiography.$0http://id.loc.gov/authorities/subjects/sh2008104277
=600  00$aMuḥammad,$cProphet,$dd. 632$xBiography.
=600  00$aFāṭimah,$dd. 632 or 3$xBiography.
=650  \0$aIslam$xHistory.$0http://id.loc.gov/authorities/subjects/sh87000556
=700  1\$6880-05$aKashmīrī, Muḥammad Jawād al-Raḍawī.
=880  1\$6100-01/r$aشاه عبد العظيمي، محمد علي،$d1842-1916.
=880  12$6245-02/r$aالاقاد في وفيات النبي والزهراء والئمة اجمعين، وتفصيل وقعة الطف تمامن /$cتأليف محمد علي الشاه عبد العظيمي ؛ تحقيق محمد جواد الرضوي الكشميري.
=880  \\$6250-03/r$aالطبعة 1.
=880  \\$6260-04/r$aقم :$bمنشورات الفيروزابادي،$c1411 [1990]
=880  1\$6700-05/r$aكشميري، محمد جواد الرضوي.
=998  \\$a12/09/94$s9114$nNjP$wNJPG94B73660$d12/06/94$cAAH$bAAH$i941209$lNJPG
=911  \\$a19941216
=912  \\$a19951027033334.0
=994  \\$aC0$bPUL
=999  \\$a935512
=852  00$01075559$brcppa$t1$hBP193$i.S523 1990$xtr fr arab
=959  \\$a2000-06-13 00:00:00 -0400

