=LDR  01637cam a2200397 a 4500
=001  935574
=003  NjP
=005  20171026094540.0
=008  941207s1989\\\\ir\\\\\\\b\\\\000\0\ara\d
=024  7\$aprinceton_aco002728$2local
=035  \\$a(OCoLC)ocn176318485
=035  \\$a(OCoLC)31707253
=040  \\$aNjP$cPUL$dPUL
=035  \\$a(OCoLC)176318485
=035  \\$a(CStRLIN)NJPG94-B73722
=035  \\$9CBN0997TS
=035  \\$a(NjP)935574
=079  \\$aocm31707253
=049  \\$aPULL
=100  1\$6880-01$aĀṣafī, Muḥammad Mahdī.
=245  10$6880-02$aMafātīḥ al-dukhūl ilá riḥāb al-Qurʼān /$cbi-qalam Muḥammad Mahdī al-Āṣafī.
=260  \\$6880-03$aQum :$bDār al-Qurʼān al-Karīm,$c1409 [1989]
=300  \\$a38 p. ;$c22 cm.
=500  \\$aExtracted from the proceedings of al-Muʼtamar al-Awwal lil-Abḥāth wa-al-Dirāsāt al-Qurʼānīyah (Qum : Dār al-Qurʼān al-Karīm, 27 Rajab 1409).
=504  \\$aIncludes bibliographical references.
=630  00$aQurʼan$xStudy and teaching.$0http://id.loc.gov/authorities/subjects/sh85072987
=880  1\$6100-01/r$aآصفي، محمد مهدي.
=880  10$6245-02/r$aمفاتيح الدخول الى رحاب القرآن /$cبقلم محمد مهدي الاصفي.
=880  \\$6260-03/r$aقم :$bدار القرآن الكريم،$c1409 [1989]
=998  \\$a12/09/94$s9114$nNjP$wNJPG94B73722$d12/07/94$cAAH$bAAH$i941209$lNJPG
=911  \\$a19941216
=912  \\$a19941209000000.0
=994  \\$aC0$bPUL
=999  \\$a935574
=852  00$01075622$brcppa$t1$hBP130.8$i.A823 1989$xtr fr arab
=959  \\$a2000-06-13 00:00:00 -0500

