=LDR  02048cam a2200469 a 4500
=001  941336
=003  NjP
=005  20190705142703.0
=008  950106s1894\\\\ua\a\\\\\\\\\\000\0\ara\d
=024  7\$aprinceton_aco004471$2local
=035  \\$a(CStRLIN)NJPG95-B1302
=035  \\$9CBP1014TS
=035  \\$a(NjP)941336
=040  \\$aNjP$cPUL$dPUL
=049  \\$aPULL
=035  \\$a(OCoLC)ocm31859140
=100  1\$6880-01$aʻAbd al-ʻAzīz, Aḥmad.
=240  10$6880-02$aMukhtaṣar al-mufīd fī al-ashyāʼ wa-al-mawālīd
=245  10$6880-03$aKitāb al-Mukhtaṣar al-mufīd fī al-ashyāʼ wa-al-mawālīd /$ctaʼlīf Aḥmad ʻAbd al-ʻAzīz, Ibrāhīm Mājid.
=250  \\$6880-04$aal-Ṭabʻah 1.
=260  \\$6880-05$aBūlāq :$bal-Maṭbaʻah al-Amīrīyah,$c1894.
=300  \\$a152, 8 p. :$bill. ;$c18 cm.
=650  \0$aScience.$0http://id.loc.gov/authorities/subjects/sh85118553
=700  1\$6880-06$aMājid, Ibrāhīm.
=740  0\$6880-07$aMukhtaṣar al-mufīd fī al-ashyāʼ wa-al-mawālīd.
=880  1\$6100-01/r$aعبد العزيز، احمد.
=880  10$6240-02/r$aمختصر المفيد في الاشياء والمواليد
=880  10$6245-03/r$aكتاب المختصر المفيد في الاشياء والمواليد /$cتأليف احمد عبد العزيز، ابراهيم ماجد.
=880  \\$6250-04/r$aالطبعة 1.
=880  \\$6260-05/r$aبولاق :$bالمطبعة الاميرية،$c1894.
=880  1\$6700-06/r$aماجد، ابراهيم.
=880  0\$6740-07/r$aمختصر المفيد في الاشياء والمواليد.
=856  4\$uhttp://hdl.handle.net/2027/njp.32101027315256
=998  \\$a01/11/95$s9114$nNjP$wNJPG95B1302$d01/06/95$cAAH$bAAH$i950111$lNJPG
=911  \\$a19950119
=912  \\$a19950111000000.0
=994  \\$aC0$bPUL
=999  \\$a941336
=979  \\$a(OCoLC)ocn176340770
=852  00$01081974$brcppa$t1$hQ158$i.A222 1894$xtr fr arab
=852  8\$08686256$belf1$hElectronic Resource
=959  \\$a2000-06-08 00:00:00 -0500

