=LDR  00983cam a2200301 a 4500
=001  943058
=003  NjP
=005  20150109160930.0
=008  950103s1903\\\\ua\\\\\\\\\\\\00\10\ara\d
=024  7\$aprinceton_aco002598$2local
=035  \\$a(OCoLC)81805359
=035  \\$a(CStRLIN)NJPG95-B52
=035  \\$9CBP2757TS
=040  \\$aNjP$cNjP
=043  \\$af-ua
=100  1\$aṢafwat, Muḥammad.
=245  10$aRisālah fī al-ṭāʻūn, aw, al-Tayfūs al-baqarī /$btaʾlīf Muḥammad Ṣafwat.
=260  \\$a[Cairo] :$bMaṭbaʻat al-Liwāʾ,$c1903.
=300  \\$a64 p. ;$c23 cm.
=650  \0$aPlague$zEgypt.
=740  0\$aTayfūs al-baqarī.
=856  4\$uhttp://hdl.handle.net/2027/njp.32101076415841
=998  \\$a01/09/95$s9114$nNjP$wNJPG95B52$d01/03/95$cNHD$bNHD$i950109$lNJPG
=911  \\$a19950119
=912  \\$a19970724050519.0
=852  00$01083811$bnec$t1$hRC178.E396$iS338 1903
=852  8\$08686267$belf1$hElectronic Resource
=959  \\$a2000-06-08 00:00:00 -0500

