=LDR  01492cam a2200385 a 4500
=001  985889
=003  NjP
=005  20190705142844.0
=008  950630s1990\\\\ir\\\\\\\bd\\\000\0\ara\d
=024  7\$aprinceton_aco004017$2local
=040  \\$aNjP$cPUL$dPUL
=035  \\$a(CStRLIN)NJPG95-B40803
=035  \\$9CBV4243TS
=035  \\$a(NjP)985889
=049  \\$aPULL
=035  \\$a(OCoLC)ocm32884529
=100  1\$6880-01$aʻUṣfūr, Muḥsin.
=245  13$6880-02$aal-Murshid al-wajīz li-qurrāʼ kitāb Allāh al-ʻazīz /$ctaʼlīf Muḥsin Āl ʻUṣfūr.
=250  \\$6880-03$aal-Ṭabʻah 1.
=260  \\$6880-04$a[Iran] :$bM.Ā. ʻUṣfūr,$c1410 [1990]$e(Qum :$fal-Maṭbaʻah al-ʻIlmīyah)
=300  \\$a264 p. ;$c25 cm.
=504  \\$aIncludes bibliographical references.
=630  00$aQurʼan$xDictionaries$xArabic.
=880  1\$6100-01/r$aعصفور، محسن.
=880  12$6245-02/r$aالمرشد الوجيز لقراء كتاب الله العزيز /$cتأليف محسن آل عصفور.
=880  \\$6250-03/r$aالطبعة 1.
=880  \\$6260-04/r$a[ايران] :$bم.آ. عصفور،$c1410 [1990]$e(قم :$fالمطبعة العلمية)
=998  \\$a07/19/95$s9114$nNjP$wNJPG95B40803$d06/30/95$cAAH$bAAH$i950719$lNJPG
=911  \\$a19950727
=912  \\$a19950719000000.0
=994  \\$aC0$bPUL
=999  \\$a985889
=979  \\$a(OCoLC)ocn176580038
=852  00$01135906$brcppa$t1$hBP133$i.U848 1990$xtr fr arab
=959  \\$a2000-06-13 00:00:00 -0400

